<?xml version="1.0" encoding="UTF-8"?>
<!DOCTYPE html PUBLIC "-//W3C//DTD XHTML 1.0 Transitional//EN"
    "http://www.w3.org/TR/xhtml1/DTD/xhtml1-transitional.dtd">
<html xmlns="http://www.w3.org/1999/xhtml" xml:lang="en" lang="en">
 <head>
  <title>
</title>
<meta http-equiv="Content-Type" content="text/html;charset=utf-8" />
  <meta name='ocr-system' content='tesseract 3.04.00' />
  <meta name='ocr-capabilities' content='ocr_page ocr_carea ocr_par ocr_line ocrx_word'/>
</head>
<body>
  <div class='ocr_page' id='page_1' title='image "./quaestionescriti00hage_0046.png"; bbox 0 0 2358 3892; ppageno 0'>
   <div class='ocr_carea' id='block_1_1' title="bbox 1177 146 1244 198">
    <p class='ocr_par' dir='ltr' id='par_1_1' title="bbox 1177 146 1244 198">
     <span class='ocr_line' id='line_1_1' title="bbox 1177 146 1244 198; baseline 0 0"><span class='ocrx_word' id='word_1_1' title='bbox 1177 146 1244 198; x_wconf 73' lang='lat'>46</span> 
     </span>
    </p>
   </div>
   <div class='ocr_carea' id='block_1_2' title="bbox 237 292 2190 3008">
    <p class='ocr_par' dir='ltr' id='par_1_2' title="bbox 237 292 2190 3008">
     <span class='ocr_line' id='line_1_2' title="bbox 247 292 2190 364; baseline 0.002 -17"><span class='ocrx_word' id='word_1_2' title='bbox 247 293 479 359; x_wconf 84' lang='lat' dir='ltr'>Maias¹),</span> <span class='ocrx_word' id='word_1_3' title='bbox 515 298 575 348; x_wconf 89' lang='lat' dir='ltr'>ut</span> <span class='ocrx_word' id='word_1_4' title='bbox 609 295 839 362; x_wconf 86' lang='lat' dir='ltr'>Langius</span> <span class='ocrx_word' id='word_1_5' title='bbox 870 294 1002 357; x_wconf 72' lang='lat' dir='ltr'>vult,</span> <span class='ocrx_word' id='word_1_6' title='bbox 1054 309 1236 357; x_wconf 83' lang='lat' dir='ltr'>necne,</span> <span class='ocrx_word' id='word_1_7' title='bbox 1269 295 1321 346; x_wconf 90' lang='lat' dir='ltr'>in</span> <span class='ocrx_word' id='word_1_8' title='bbox 1361 293 1536 346; x_wconf 90' lang='lat' dir='ltr'>medio</span> <span class='ocrx_word' id='word_1_9' title='bbox 1570 292 1916 363; x_wconf 78' lang='lat' dir='ltr'>relinquatur.</span> <span class='ocrx_word' id='word_1_10' title='bbox 1957 294 2190 364; x_wconf 64' lang='lat' dir='ltr'>’Magnis</span> 
     </span>
     <span class='ocr_line' id='line_1_3' title="bbox 245 378 2187 452; baseline 0.002 -18"><span class='ocrx_word' id='word_1_11' title='bbox 245 385 360 435; x_wconf 90' lang='lat' dir='ltr'>tum</span> <span class='ocrx_word' id='word_1_12' title='bbox 386 383 439 435; x_wconf 92' lang='lat' dir='ltr'>in</span> <span class='ocrx_word' id='word_1_13' title='bbox 468 383 720 450; x_wconf 83' lang='lat' dir='ltr'>angustiis</span> <span class='ocrx_word' id='word_1_14' title='bbox 746 384 960 434; x_wconf 84' lang='lat' dir='ltr'>senatus</span> <span class='ocrx_word' id='word_1_15' title='bbox 985 385 1061 433; x_wconf 87' lang='lat' dir='ltr'>est</span> <span class='ocrx_word' id='word_1_16' title='bbox 1077 384 1331 433; x_wconf 88' lang='lat' dir='ltr'>versatus.</span> <span class='ocrx_word' id='word_1_17' title='bbox 1382 378 1704 449; x_wconf 51' lang='lat' dir='ltr'>Quid,‘quod</span> <span class='ocrx_word' id='word_1_18' title='bbox 1733 383 1842 436; x_wconf 87' lang='lat' dir='ltr'>fieri</span> <span class='ocrx_word' id='word_1_19' title='bbox 1870 399 1978 436; x_wconf 92' lang='lat' dir='ltr'>non</span> <span class='ocrx_word' id='word_1_20' title='bbox 1998 384 2187 452; x_wconf 78' lang='lat' dir='ltr'>potuit,</span> 
     </span>
     <span class='ocr_line' id='line_1_4' title="bbox 245 469 2186 540; baseline 0.002 -17"><span class='ocrx_word' id='word_1_21' title='bbox 245 474 302 523; x_wconf 93' lang='lat' dir='ltr'>ut</span> <span class='ocrx_word' id='word_1_22' title='bbox 330 487 421 538; x_wconf 87' lang='lat' dir='ltr'>per</span> <span class='ocrx_word' id='word_1_23' title='bbox 458 471 596 538; x_wconf 84' lang='lat' dir='ltr'>leges</span> <span class='ocrx_word' id='word_1_24' title='bbox 634 471 872 524; x_wconf 89' lang='lat' dir='ltr'>consules</span> <span class='ocrx_word' id='word_1_25' title='bbox 910 469 1111 522; x_wconf 84' lang='lat' dir='ltr'>suffecti</span> <span class='ocrx_word' id='word_1_26' title='bbox 1150 471 1518 522; x_wconf 69' lang='lat' dir='ltr'>crearentur?</span> <span class='ocrx_word' id='word_1_27' title='bbox 1562 470 1668 522; x_wconf 90' lang='lat' dir='ltr'>Res</span> <span class='ocrx_word' id='word_1_28' title='bbox 1708 471 1863 536; x_wconf 87' lang='lat' dir='ltr'>igitur</span> <span class='ocrx_word' id='word_1_29' title='bbox 1899 473 2186 540; x_wconf 83' lang='lat' dir='ltr'>procrasti-</span> 
     </span>
     <span class='ocr_line' id='line_1_5' title="bbox 248 557 2187 628; baseline 0.002 -18"><span class='ocrx_word' id='word_1_30' title='bbox 248 561 374 610; x_wconf 89' lang='lat' dir='ltr'>nata</span> <span class='ocrx_word' id='word_1_31' title='bbox 401 562 494 610; x_wconf 90' lang='lat' dir='ltr'>est.</span> <span class='ocrx_word' id='word_1_32' title='bbox 547 559 650 612; x_wconf 91' lang='lat' dir='ltr'>Per</span> <span class='ocrx_word' id='word_1_33' title='bbox 686 561 871 612; x_wconf 89' lang='lat' dir='ltr'>urbem</span> <span class='ocrx_word' id='word_1_34' title='bbox 905 575 1028 610; x_wconf 85' lang='lat' dir='ltr'>vero</span> <span class='ocrx_word' id='word_1_35' title='bbox 1056 558 1200 610; x_wconf 85' lang='lat' dir='ltr'>fama</span> <span class='ocrx_word' id='word_1_36' title='bbox 1231 558 1502 623; x_wconf 84' lang='lat' dir='ltr'>divulgata</span> <span class='ocrx_word' id='word_1_37' title='bbox 1539 560 1618 609; x_wconf 90' lang='lat' dir='ltr'>est</span> <span class='ocrx_word' id='word_1_38' title='bbox 1654 557 1959 612; x_wconf 79' lang='lat' dir='ltr'>Ciceronem</span> <span class='ocrx_word' id='word_1_39' title='bbox 1995 561 2187 628; x_wconf 83' lang='lat' dir='ltr'>petitu—</span> 
     </span>
     <span class='ocr_line' id='line_1_6' title="bbox 243 644 2186 713; baseline 0.003 -16"><span class='ocrx_word' id='word_1_40' title='bbox 243 661 364 698; x_wconf 88' lang='lat' dir='ltr'>rum</span> <span class='ocrx_word' id='word_1_41' title='bbox 391 646 723 699; x_wconf 88' lang='lat' dir='ltr'>consulatum</span> <span class='ocrx_word' id='word_1_42' title='bbox 751 647 908 713; x_wconf 87' lang='lat' dir='ltr'>idque</span> <span class='ocrx_word' id='word_1_43' title='bbox 935 656 1044 699; x_wconf 85' lang='lat' dir='ltr'>una</span> <span class='ocrx_word' id='word_1_44' title='bbox 1069 662 1189 698; x_wconf 87' lang='lat' dir='ltr'>cum</span> <span class='ocrx_word' id='word_1_45' title='bbox 1215 644 1582 711; x_wconf 79' lang='lat' dir='ltr'>Octavian02).</span> <span class='ocrx_word' id='word_1_46' title='bbox 1631 646 1807 699; x_wconf 91' lang='lat' dir='ltr'>Idibus</span> <span class='ocrx_word' id='word_1_47' title='bbox 1841 646 1998 700; x_wconf 88' lang='lat' dir='ltr'>Iuniis</span> <span class='ocrx_word' id='word_1_48' title='bbox 2031 664 2186 703; x_wconf 84' lang='lat' dir='ltr'>sena·</span> 
     </span>
     <span class='ocr_line' id='line_1_7' title="bbox 246 734 2187 802; baseline 0.003 -16"><span class='ocrx_word' id='word_1_49' title='bbox 246 737 331 786; x_wconf 89' lang='lat' dir='ltr'>tus</span> <span class='ocrx_word' id='word_1_50' title='bbox 366 734 656 787; x_wconf 89' lang='lat' dir='ltr'>Antonium</span> <span class='ocrx_word' id='word_1_51' title='bbox 700 739 750 787; x_wconf 92' lang='lat' dir='ltr'>et</span> <span class='ocrx_word' id='word_1_52' title='bbox 801 735 1057 802; x_wconf 91' lang='lat' dir='ltr'>Lepidum</span> <span class='ocrx_word' id='word_1_53' title='bbox 1112 750 1263 788; x_wconf 87' lang='lat' dir='ltr'>arma</span> <span class='ocrx_word' id='word_1_54' title='bbox 1314 734 1646 787; x_wconf 86' lang='lat' dir='ltr'>coniunxisse</span> <span class='ocrx_word' id='word_1_55' title='bbox 1683 736 1945 801; x_wconf 86' lang='lat' dir='ltr'>cognovit.</span> <span class='ocrx_word' id='word_1_56' title='bbox 2018 737 2187 791; x_wconf 87' lang='lat' dir='ltr'>Anto-</span> 
     </span>
     <span class='ocr_line' id='line_1_8' title="bbox 245 821 2184 889; baseline 0.003 -15"><span class='ocrx_word' id='word_1_57' title='bbox 245 823 363 874; x_wconf 88' lang='lat' dir='ltr'>nius</span> <span class='ocrx_word' id='word_1_58' title='bbox 397 822 552 889; x_wconf 91' lang='lat' dir='ltr'>enim,</span> <span class='ocrx_word' id='word_1_59' title='bbox 587 839 705 875; x_wconf 87' lang='lat' dir='ltr'>cum</span> <span class='ocrx_word' id='word_1_60' title='bbox 742 823 916 874; x_wconf 89' lang='lat' dir='ltr'>Idibus</span> <span class='ocrx_word' id='word_1_61' title='bbox 935 821 1081 874; x_wconf 88' lang='lat' dir='ltr'>Maiis</span> <span class='ocrx_word' id='word_1_62' title='bbox 1109 822 1304 874; x_wconf 87' lang='lat' dir='ltr'>Forum</span> <span class='ocrx_word' id='word_1_63' title='bbox 1335 822 1446 874; x_wconf 87' lang='lat' dir='ltr'>Iulii</span> <span class='ocrx_word' id='word_1_64' title='bbox 1473 822 1786 889; x_wconf 89' lang='lat' dir='ltr'>advenisset,</span> <span class='ocrx_word' id='word_1_65' title='bbox 1822 839 1930 876; x_wconf 89' lang='lat' dir='ltr'>non</span> <span class='ocrx_word' id='word_1_66' title='bbox 1957 824 2184 879; x_wconf 85' lang='lat' dir='ltr'>multum</span> 
     </span>
     <span class='ocr_line' id='line_1_9' title="bbox 246 910 2189 981; baseline 0.002 -18"><span class='ocrx_word' id='word_1_67' title='bbox 246 928 278 963; x_wconf 88' lang='lat' dir='ltr'>a</span> <span class='ocrx_word' id='word_1_68' title='bbox 317 911 497 978; x_wconf 86' lang='lat' dir='ltr'>Lepidi</span> <span class='ocrx_word' id='word_1_69' title='bbox 535 911 715 964; x_wconf 83' lang='lat' dir='ltr'>castris</span> <span class='ocrx_word' id='word_1_70' title='bbox 749 911 893 964; x_wconf 80' lang='lat' dir='ltr'>afuit.</span> <span class='ocrx_word' id='word_1_71' title='bbox 944 910 1062 973; x_wconf 81' lang='lat' dir='ltr'>Qua</span> <span class='ocrx_word' id='word_1_72' title='bbox 1098 911 1165 963; x_wconf 88' lang='lat' dir='ltr'>de</span> <span class='ocrx_word' id='word_1_73' title='bbox 1202 927 1259 962; x_wconf 90' lang='lat' dir='ltr'>re</span> <span class='ocrx_word' id='word_1_74' title='bbox 1296 911 1483 962; x_wconf 83' lang='lat' dir='ltr'>certior</span> <span class='ocrx_word' id='word_1_75' title='bbox 1515 912 1683 963; x_wconf 87' lang='lat' dir='ltr'>factus</span> <span class='ocrx_word' id='word_1_76' title='bbox 1708 911 1963 980; x_wconf 64' lang='lat' dir='ltr'>Lepidm,</span> <span class='ocrx_word' id='word_1_77' title='bbox 1997 929 2189 981; x_wconf 87' lang='lat' dir='ltr'>quam-</span> 
     </span>
     <span class='ocr_line' id='line_1_10' title="bbox 245 997 2189 1067; baseline 0.001 -15"><span class='ocrx_word' id='word_1_78' title='bbox 245 1016 406 1067; x_wconf 86' lang='lat' dir='ltr'>quam</span> <span class='ocrx_word' id='word_1_79' title='bbox 445 1016 478 1052; x_wconf 91' lang='lat' dir='ltr'>a</span> <span class='ocrx_word' id='word_1_80' title='bbox 514 999 570 1051; x_wconf 89' lang='lat' dir='ltr'>L.</span> <span class='ocrx_word' id='word_1_81' title='bbox 615 998 817 1051; x_wconf 87' lang='lat' dir='ltr'>Planco</span> <span class='ocrx_word' id='word_1_82' title='bbox 864 1002 912 1051; x_wconf 92' lang='lat' dir='ltr'>et</span> <span class='ocrx_word' id='word_1_83' title='bbox 957 998 1023 1051; x_wconf 90' lang='lat' dir='ltr'>M.</span> <span class='ocrx_word' id='word_1_84' title='bbox 1069 997 1312 1051; x_wconf 88' lang='lat' dir='ltr'>Iuventio</span> <span class='ocrx_word' id='word_1_85' title='bbox 1358 999 1627 1051; x_wconf 79' lang='lat' dir='ltr'>Laterensi</span> <span class='ocrx_word' id='word_1_86' title='bbox 1681 1002 1894 1066; x_wconf 85' lang='lat' dir='ltr'>rogatus</span> <span class='ocrx_word' id='word_1_87' title='bbox 1944 1007 2076 1065; x_wconf 86' lang='lat' dir='ltr'>erat,</span> <span class='ocrx_word' id='word_1_88' title='bbox 2129 1004 2189 1054; x_wconf 89' lang='lat' dir='ltr'>ut</span> 
     </span>
     <span class='ocr_line' id='line_1_11' title="bbox 243 1087 2188 1156; baseline 0.002 -17"><span class='ocrx_word' id='word_1_89' title='bbox 243 1090 460 1141; x_wconf 90' lang='lat' dir='ltr'>senatus</span> <span class='ocrx_word' id='word_1_90' title='bbox 496 1092 675 1156; x_wconf 89' lang='lat' dir='ltr'>partes</span> <span class='ocrx_word' id='word_1_91' title='bbox 714 1091 1036 1155; x_wconf 83' lang='lat' dir='ltr'>sequeretur,</span> <span class='ocrx_word' id='word_1_92' title='bbox 1089 1104 1200 1141; x_wconf 93' lang='lat' dir='ltr'>rem</span> <span class='ocrx_word' id='word_1_93' title='bbox 1240 1088 1312 1140; x_wconf 87' lang='lat' dir='ltr'>ita</span> <span class='ocrx_word' id='word_1_94' title='bbox 1350 1087 1586 1151; x_wconf 87' lang='lat' dir='ltr'>instituit,</span> <span class='ocrx_word' id='word_1_95' title='bbox 1634 1091 1690 1139; x_wconf 88' lang='lat' dir='ltr'>ut.</span> <span class='ocrx_word' id='word_1_96' title='bbox 1729 1105 1761 1141; x_wconf 92' lang='lat' dir='ltr'>a</span> <span class='ocrx_word' id='word_1_97' title='bbox 1798 1088 2052 1141; x_wconf 84' lang='lat' dir='ltr'>militibus</span> <span class='ocrx_word' id='word_1_98' title='bbox 2082 1089 2188 1142; x_wconf 86' lang='lat' dir='ltr'>suis</span> 
     </span>
     <span class='ocr_line' id='line_1_12' title="bbox 243 1176 2185 1245; baseline 0.001 -17"><span class='ocrx_word' id='word_1_99' title='bbox 243 1179 459 1228; x_wconf 86' lang='lat' dir='ltr'>coactus</span> <span class='ocrx_word' id='word_1_100' title='bbox 509 1193 621 1228; x_wconf 88' lang='lat' dir='ltr'>esse</span> <span class='ocrx_word' id='word_1_101' title='bbox 663 1177 930 1230; x_wconf 89' lang='lat' dir='ltr'>videretur</span> <span class='ocrx_word' id='word_1_102' title='bbox 974 1192 1096 1228; x_wconf 89' lang='lat' dir='ltr'>cum</span> <span class='ocrx_word' id='word_1_103' title='bbox 1134 1176 1369 1228; x_wconf 90' lang='lat' dir='ltr'>Antonio</span> <span class='ocrx_word' id='word_1_104' title='bbox 1405 1191 1591 1243; x_wconf 89' lang='lat' dir='ltr'>pacem</span> <span class='ocrx_word' id='word_1_105' title='bbox 1630 1177 1925 1229; x_wconf 88' lang='lat' dir='ltr'>conciliare.</span> <span class='ocrx_word' id='word_1_106' title='bbox 1997 1178 2185 1245; x_wconf 84' lang='lat' dir='ltr'>Itaque</span> 
     </span>
     <span class='ocr_line' id='line_1_13' title="bbox 246 1262 2186 1332; baseline 0 -16"><span class='ocrx_word' id='word_1_107' title='bbox 246 1280 294 1316; x_wconf 86' lang='lat' dir='ltr'>a.</span> <span class='ocrx_word' id='word_1_108' title='bbox 327 1263 378 1316; x_wconf 87' lang='lat' dir='ltr'>d.</span> <span class='ocrx_word' id='word_1_109' title='bbox 418 1264 499 1316; x_wconf 89' lang='lat' dir='ltr'>IV.</span> <span class='ocrx_word' id='word_1_110' title='bbox 537 1264 649 1317; x_wconf 90' lang='lat' dir='ltr'>Kal.</span> <span class='ocrx_word' id='word_1_111' title='bbox 688 1265 862 1316; x_wconf 89' lang='lat' dir='ltr'>lunias</span> <span class='ocrx_word' id='word_1_112' title='bbox 909 1264 1091 1332; x_wconf 87' lang='lat' dir='ltr'>Lepidi</span> <span class='ocrx_word' id='word_1_113' title='bbox 1147 1267 1199 1317; x_wconf 92' lang='lat' dir='ltr'>et</span> <span class='ocrx_word' id='word_1_114' title='bbox 1236 1265 1451 1317; x_wconf 83' lang='lat' dir='ltr'>Antonii</span> <span class='ocrx_word' id='word_1_115' title='bbox 1495 1262 1797 1317; x_wconf 90' lang='lat' dir='ltr'>coniunctio</span> <span class='ocrx_word' id='word_1_116' title='bbox 1842 1265 1984 1318; x_wconf 86' lang='lat' dir='ltr'>facta</span> <span class='ocrx_word' id='word_1_117' title='bbox 2024 1267 2103 1318; x_wconf 91' lang='lat' dir='ltr'>est</span> <span class='ocrx_word' id='word_1_118' title='bbox 2117 1265 2186 1332; x_wconf 77' lang='lat'>³).</span> 
     </span>
     <span class='ocr_line' id='line_1_14' title="bbox 243 1352 2187 1420; baseline 0.001 -16"><span class='ocrx_word' id='word_1_119' title='bbox 243 1353 471 1404; x_wconf 89' lang='lat' dir='ltr'>Senatus</span> <span class='ocrx_word' id='word_1_120' title='bbox 506 1355 683 1405; x_wconf 90' lang='lat' dir='ltr'>autem</span> <span class='ocrx_word' id='word_1_121' title='bbox 705 1353 903 1420; x_wconf 88' lang='lat' dir='ltr'>Lepido</span> <span class='ocrx_word' id='word_1_122' title='bbox 932 1352 1127 1405; x_wconf 90' lang='lat' dir='ltr'>bellum</span> <span class='ocrx_word' id='word_1_123' title='bbox 1167 1353 1416 1418; x_wconf 85' lang='lat' dir='ltr'>evestigio</span> <span class='ocrx_word' id='word_1_124' title='bbox 1447 1353 1637 1405; x_wconf 85' lang='lat' dir='ltr'>inferre</span> <span class='ocrx_word' id='word_1_125' title='bbox 1671 1353 1909 1405; x_wconf 90' lang='lat' dir='ltr'>animum</span> <span class='ocrx_word' id='word_1_126' title='bbox 1938 1354 2187 1407; x_wconf 87' lang='lat' dir='ltr'>inducere</span> 
     </span>
     <span class='ocr_line' id='line_1_15' title="bbox 241 1441 2188 1510; baseline 0.002 -18"><span class='ocrx_word' id='word_1_127' title='bbox 241 1457 348 1492; x_wconf 89' lang='lat' dir='ltr'>non</span> <span class='ocrx_word' id='word_1_128' title='bbox 385 1441 571 1508; x_wconf 86' lang='lat' dir='ltr'>potuit,</span> <span class='ocrx_word' id='word_1_129' title='bbox 617 1441 708 1493; x_wconf 87' lang='lat' dir='ltr'>sed</span> <span class='ocrx_word' id='word_1_130' title='bbox 760 1441 977 1492; x_wconf 90' lang='lat' dir='ltr'>demum</span> <span class='ocrx_word' id='word_1_131' title='bbox 1025 1441 1189 1507; x_wconf 90' lang='lat' dir='ltr'>pridie</span> <span class='ocrx_word' id='word_1_132' title='bbox 1237 1441 1503 1493; x_wconf 86' lang='lat' dir='ltr'>Kalendas</span> <span class='ocrx_word' id='word_1_133' title='bbox 1553 1441 1841 1506; x_wconf 84' lang='lat' dir='ltr'>Quinctiles</span> <span class='ocrx_word' id='word_1_134' title='bbox 1889 1442 2129 1510; x_wconf 82' lang='lat' dir='ltr'>Lepidus·</span> <span class='ocrx_word' id='word_1_135' title='bbox 2155 1458 2188 1494; x_wconf 81' lang='lat' dir='ltr'>a</span> 
     </span>
     <span class='ocr_line' id='line_1_16' title="bbox 240 1528 2188 1597; baseline 0.002 -17"><span class='ocrx_word' id='word_1_136' title='bbox 240 1532 430 1595; x_wconf 85' lang='lat' dir='ltr'>senatu</span> <span class='ocrx_word' id='word_1_137' title='bbox 478 1528 642 1580; x_wconf 86' lang='lat' dir='ltr'>bostis</span> <span class='ocrx_word' id='word_1_138' title='bbox 693 1531 770 1581; x_wconf 91' lang='lat' dir='ltr'>est</span> <span class='ocrx_word' id='word_1_139' title='bbox 817 1529 1077 1581; x_wconf 88' lang='lat' dir='ltr'>iudicatus</span> <span class='ocrx_word' id='word_1_140' title='bbox 1129 1530 1414 1596; x_wconf 88' lang='lat' dir='ltr'>ceterique,</span> <span class='ocrx_word' id='word_1_141' title='bbox 1463 1530 1554 1597; x_wconf 91' lang='lat' dir='ltr'>qui</span> <span class='ocrx_word' id='word_1_142' title='bbox 1605 1546 1715 1583; x_wconf 90' lang='lat' dir='ltr'>una</span> <span class='ocrx_word' id='word_1_143' title='bbox 1762 1546 1885 1583; x_wconf 88' lang='lat' dir='ltr'>cum</span> <span class='ocrx_word' id='word_1_144' title='bbox 1939 1531 2028 1584; x_wconf 87' lang='lat' dir='ltr'>illo</span> <span class='ocrx_word' id='word_1_145' title='bbox 2061 1547 2095 1583; x_wconf 89' lang='lat' dir='ltr'>a</span> <span class='ocrx_word' id='word_1_146' title='bbox 2130 1547 2188 1583; x_wconf 92' lang='lat' dir='ltr'>re</span> 
     </span>
     <span class='ocr_line' id='line_1_17' title="bbox 241 1617 2184 1686; baseline 0.002 -18"><span class='ocrx_word' id='word_1_147' title='bbox 241 1617 451 1684; x_wconf 89' lang='lat' dir='ltr'>publica</span> <span class='ocrx_word' id='word_1_148' title='bbox 504 1617 833 1679; x_wconf 78' lang='lat' dir='ltr'>defecerant3</span> <span class='ocrx_word' id='word_1_149' title='bbox 884 1617 1075 1684; x_wconf 89' lang='lat' dir='ltr'>quibus</span> <span class='ocrx_word' id='word_1_150' title='bbox 1122 1620 1302 1669; x_wconf 88' lang='lat' dir='ltr'>tamen</span> <span class='ocrx_word' id='word_1_151' title='bbox 1345 1633 1480 1670; x_wconf 80' lang='lat' dir='ltr'>cum</span> <span class='ocrx_word' id='word_1_152' title='bbox 1518 1635 1576 1670; x_wconf 93' lang='lat' dir='ltr'>re</span> <span class='ocrx_word' id='word_1_153' title='bbox 1609 1618 1822 1685; x_wconf 90' lang='lat' dir='ltr'>publica</span> <span class='ocrx_word' id='word_1_154' title='bbox 1871 1619 1923 1672; x_wconf 90' lang='lat' dir='ltr'>in</span> <span class='ocrx_word' id='word_1_155' title='bbox 1960 1620 2184 1686; x_wconf 85' lang='lat' dir='ltr'>gratiam</span> 
     </span>
     <span class='ocr_line' id='line_1_18' title="bbox 242 1705 2185 1775; baseline 0.002 -18"><span class='ocrx_word' id='word_1_156' title='bbox 242 1705 495 1758; x_wconf 92' lang='lat' dir='ltr'>redeundi</span> <span class='ocrx_word' id='word_1_157' title='bbox 549 1708 675 1758; x_wconf 91' lang='lat' dir='ltr'>ante</span> <span class='ocrx_word' id='word_1_158' title='bbox 720 1705 837 1758; x_wconf 89' lang='lat' dir='ltr'>Kal.</span> <span class='ocrx_word' id='word_1_159' title='bbox 884 1705 1024 1772; x_wconf 88' lang='lat' dir='ltr'>Sept.</span> <span class='ocrx_word' id='word_1_160' title='bbox 1070 1708 1304 1773; x_wconf 84' lang='lat' dir='ltr'>potestas</span> <span class='ocrx_word' id='word_1_161' title='bbox 1349 1709 1428 1758; x_wconf 91' lang='lat' dir='ltr'>est</span> <span class='ocrx_word' id='word_1_162' title='bbox 1474 1706 1631 1769; x_wconf 86' lang='lat' dir='ltr'>facta,</span> <span class='ocrx_word' id='word_1_163' title='bbox 1677 1709 1730 1759; x_wconf 88' lang='lat' dir='ltr'>et</span> <span class='ocrx_word' id='word_1_164' title='bbox 1775 1709 1952 1760; x_wconf 90' lang='lat' dir='ltr'>statua</span> <span class='ocrx_word' id='word_1_165' title='bbox 1988 1707 2185 1775; x_wconf 89' lang='lat' dir='ltr'>Lepidi,</span> 
     </span>
     <span class='ocr_line' id='line_1_19' title="bbox 242 1794 2185 1863; baseline 0.002 -17"><span class='ocrx_word' id='word_1_166' title='bbox 242 1810 380 1862; x_wconf 89' lang='lat' dir='ltr'>quae</span> <span class='ocrx_word' id='word_1_167' title='bbox 415 1795 467 1846; x_wconf 90' lang='lat' dir='ltr'>in</span> <span class='ocrx_word' id='word_1_168' title='bbox 505 1794 683 1846; x_wconf 85' lang='lat' dir='ltr'>rostris</span> <span class='ocrx_word' id='word_1_169' title='bbox 707 1796 834 1857; x_wconf 88' lang='lat' dir='ltr'>erat,</span> <span class='ocrx_word' id='word_1_170' title='bbox 871 1810 1054 1847; x_wconf 89' lang='lat' dir='ltr'>eversa</span> <span class='ocrx_word' id='word_1_171' title='bbox 1079 1797 1172 1847; x_wconf 87' lang='lat' dir='ltr'>est.</span> <span class='ocrx_word' id='word_1_172' title='bbox 1230 1795 1339 1848; x_wconf 88' lang='lat' dir='ltr'>lam</span> <span class='ocrx_word' id='word_1_173' title='bbox 1362 1810 1489 1846; x_wconf 92' lang='lat' dir='ltr'>vero</span> <span class='ocrx_word' id='word_1_174' title='bbox 1519 1794 1859 1859; x_wconf 51' lang='lat' dir='ltr'>Octavianus</span> <span class='ocrx_word' id='word_1_175' title='bbox 1899 1796 1989 1863; x_wconf 92' lang='lat' dir='ltr'>qui</span> <span class='ocrx_word' id='word_1_176' title='bbox 2025 1797 2185 1849; x_wconf 91' lang='lat' dir='ltr'>etiam</span> 
     </span>
     <span class='ocr_line' id='line_1_20' title="bbox 242 1881 2186 1951; baseline 0.003 -18"><span class='ocrx_word' id='word_1_177' title='bbox 242 1885 369 1935; x_wconf 83' lang='lat' dir='ltr'>tunc</span> <span class='ocrx_word' id='word_1_178' title='bbox 406 1883 459 1934; x_wconf 90' lang='lat' dir='ltr'>in</span> <span class='ocrx_word' id='word_1_179' title='bbox 500 1881 667 1935; x_wconf 83' lang='lat' dir='ltr'>Gallia</span> <span class='ocrx_word' id='word_1_180' title='bbox 704 1881 974 1951; x_wconf 87' lang='lat' dir='ltr'>Cisalpina</span> <span class='ocrx_word' id='word_1_181' title='bbox 1009 1882 1139 1947; x_wconf 84' lang='lat' dir='ltr'>erat,</span> <span class='ocrx_word' id='word_1_182' title='bbox 1175 1899 1295 1936; x_wconf 87' lang='lat' dir='ltr'>cum</span> <span class='ocrx_word' id='word_1_183' title='bbox 1337 1884 1675 1937; x_wconf 84' lang='lat' dir='ltr'>consulatum</span> <span class='ocrx_word' id='word_1_184' title='bbox 1713 1899 1821 1937; x_wconf 92' lang='lat' dir='ltr'>non</span> <span class='ocrx_word' id='word_1_185' title='bbox 1873 1886 2010 1937; x_wconf 90' lang='lat' dir='ltr'>esset</span> <span class='ocrx_word' id='word_1_186' title='bbox 2047 1900 2186 1938; x_wconf 80' lang='lat' dir='ltr'>asse-</span> 
     </span>
     <span class='ocr_line' id='line_1_21' title="bbox 241 1970 2184 2039; baseline 0.002 -18"><span class='ocrx_word' id='word_1_187' title='bbox 241 1973 409 2034; x_wconf 80' lang='lat' dir='ltr'>cutuS,</span> <span class='ocrx_word' id='word_1_188' title='bbox 447 1970 732 2034; x_wconf 75' lang='lat' dir='ltr'>effecit,.ut</span> <span class='ocrx_word' id='word_1_189' title='bbox 769 1971 958 2023; x_wconf 90' lang='lat' dir='ltr'>milites</span> <span class='ocrx_word' id='word_1_190' title='bbox 993 1971 1143 2039; x_wconf 89' lang='lat' dir='ltr'>quasi</span> <span class='ocrx_word' id='word_1_191' title='bbox 1168 1971 1643 2039; x_wconf 88' lang='lat' dir='ltr'>proprioimpulsu</span> <span class='ocrx_word' id='word_1_192' title='bbox 1675 1972 1905 2024; x_wconf 83' lang='lat' dir='ltr'>iurarent</span> <span class='ocrx_word' id='word_1_193' title='bbox 1937 1989 1993 2025; x_wconf 91' lang='lat' dir='ltr'>se</span> <span class='ocrx_word' id='word_1_194' title='bbox 2029 1988 2184 2025; x_wconf 90' lang='lat' dir='ltr'>num·</span> 
     </span>
     <span class='ocr_line' id='line_1_22' title="bbox 239 2058 2184 2128; baseline 0.002 -18"><span class='ocrx_word' id='word_1_195' title='bbox 239 2074 400 2126; x_wconf 87' lang='lat' dir='ltr'>quam</span> <span class='ocrx_word' id='word_1_196' title='bbox 441 2074 560 2122; x_wconf 86' lang='lat' dir='ltr'>cum</span> <span class='ocrx_word' id='word_1_197' title='bbox 598 2058 869 2122; x_wconf 80' lang='lat' dir='ltr'>militibus,</span> <span class='ocrx_word' id='word_1_198' title='bbox 909 2059 999 2127; x_wconf 89' lang='lat' dir='ltr'>qui</span> <span class='ocrx_word' id='word_1_199' title='bbox 1038 2059 1310 2127; x_wconf 91' lang='lat' dir='ltr'>quondam</span> <span class='ocrx_word' id='word_1_200' title='bbox 1341 2058 1567 2112; x_wconf 85' lang='lat' dir='ltr'>Caesare</span> <span class='ocrx_word' id='word_1_201' title='bbox 1607 2060 1740 2112; x_wconf 92' lang='lat' dir='ltr'>duce</span> <span class='ocrx_word' id='word_1_202' title='bbox 1774 2059 2035 2128; x_wconf 89' lang='lat' dir='ltr'>stipendia</span> <span class='ocrx_word' id='word_1_203' title='bbox 2074 2076 2184 2113; x_wconf 85' lang='lat' dir='ltr'>me·</span> 
     </span>
     <span class='ocr_line' id='line_1_23' title="bbox 238 2146 2182 2216; baseline 0.002 -18"><span class='ocrx_word' id='word_1_204' title='bbox 238 2147 479 2211; x_wconf 85' lang='lat' dir='ltr'>ruissent,</span> <span class='ocrx_word' id='word_1_205' title='bbox 515 2146 568 2198; x_wconf 89' lang='lat' dir='ltr'>in</span> <span class='ocrx_word' id='word_1_206' title='bbox 609 2149 876 2199; x_wconf 88' lang='lat' dir='ltr'>certamen</span> <span class='ocrx_word' id='word_1_207' title='bbox 917 2146 1260 2200; x_wconf 87' lang='lat' dir='ltr'>descensuros</span> <span class='ocrx_word' id='word_1_208' title='bbox 1300 2163 1426 2199; x_wconf 90' lang='lat' dir='ltr'>esse.</span> <span class='ocrx_word' id='word_1_209' title='bbox 1471 2147 1607 2211; x_wconf 86' lang='lat' dir='ltr'>-Quo</span> <span class='ocrx_word' id='word_1_210' title='bbox 1645 2148 1786 2200; x_wconf 87' lang='lat' dir='ltr'>facto</span> <span class='ocrx_word' id='word_1_211' title='bbox 1821 2147 2017 2202; x_wconf 82' lang='lat' dir='ltr'>Caesar</span> <span class='ocrx_word' id='word_1_212' title='bbox 2053 2162 2182 2216; x_wconf 68' lang='lat' dir='ltr'>qua-²</span> 
     </span>
     <span class='ocr_line' id='line_1_24' title="bbox 239 2234 2182 2304; baseline 0.002 -18"><span class='ocrx_word' id='word_1_213' title='bbox 239 2235 547 2301; x_wconf 84' lang='lat' dir='ltr'>dringentos</span> <span class='ocrx_word' id='word_1_214' title='bbox 594 2234 784 2287; x_wconf 88' lang='lat' dir='ltr'>milites</span> <span class='ocrx_word' id='word_1_215' title='bbox 813 2235 1374 2303; x_wconf 74' lang='lat' dir='ltr'>Romampraer&#39;nisit,</span> <span class='ocrx_word' id='word_1_216' title='bbox 1412 2252 1476 2288; x_wconf 92' lang='lat' dir='ltr'>eo</span> <span class='ocrx_word' id='word_1_217' title='bbox 1511 2236 1743 2300; x_wconf 89' lang='lat' dir='ltr'>consili0‚</span> <span class='ocrx_word' id='word_1_218' title='bbox 1785 2240 1855 2289; x_wconf 65' lang='lat' dir='ltr'>‘ut</span> <span class='ocrx_word' id='word_1_219' title='bbox 1899 2237 2182 2304; x_wconf 86' lang='lat' dir='ltr'>pecuniam</span> 
     </span>
     <span class='ocr_line' id='line_1_25' title="bbox 241 2322 2183 2392; baseline 0.002 -17"><span class='ocrx_word' id='word_1_220' title='bbox 241 2323 337 2375; x_wconf 90' lang='lat' dir='ltr'>sibi</span> <span class='ocrx_word' id='word_1_221' title='bbox 375 2323 642 2375; x_wconf 86' lang='lat' dir='ltr'>decretam</span> <span class='ocrx_word' id='word_1_222' title='bbox 682 2325 959 2390; x_wconf 82' lang='lat' dir='ltr'>poscerent</span> <span class='ocrx_word' id='word_1_223' title='bbox 999 2322 1391 2391; x_wconf 84' lang='lat' dir='ltr'>Caesaremque</span> <span class='ocrx_word' id='word_1_224' title='bbox 1428 2324 1700 2376; x_wconf 87' lang='lat' dir='ltr'>consulem</span> <span class='ocrx_word' id='word_1_225' title='bbox 1736 2324 1997 2392; x_wconf 82' lang='lat' dir='ltr'>designari</span> <span class='ocrx_word' id='word_1_226' title='bbox 2032 2325 2183 2378; x_wconf 87' lang='lat' dir='ltr'>iube-</span> 
     </span>
     <span class='ocr_line' id='line_1_26' title="bbox 238 2410 2182 2480; baseline 0.001 -17"><span class='ocrx_word' id='word_1_227' title='bbox 238 2414 356 2476; x_wconf 87' lang='lat' dir='ltr'>rent</span> <span class='ocrx_word' id='word_1_228' title='bbox 372 2410 430 2477; x_wconf 79' lang='lat'>4).</span> <span class='ocrx_word' id='word_1_229' title='bbox 474 2411 613 2463; x_wconf 92' lang='lat' dir='ltr'>Tum</span> <span class='ocrx_word' id='word_1_230' title='bbox 651 2428 777 2463; x_wconf 86' lang='lat' dir='ltr'>vero</span> <span class='ocrx_word' id='word_1_231' title='bbox 814 2415 1029 2464; x_wconf 90' lang='lat' dir='ltr'>senatus</span> <span class='ocrx_word' id='word_1_232' title='bbox 1066 2414 1211 2464; x_wconf 89' lang='lat' dir='ltr'>metu</span> <span class='ocrx_word' id='word_1_233' title='bbox 1248 2411 1518 2479; x_wconf 85' lang='lat' dir='ltr'>perculsus</span> <span class='ocrx_word' id='word_1_234' title='bbox 1555 2428 1660 2465; x_wconf 88' lang='lat' dir='ltr'>non</span> <span class='ocrx_word' id='word_1_235' title='bbox 1697 2411 2029 2465; x_wconf 87' lang='lat' dir='ltr'>consulatum</span> <span class='ocrx_word' id='word_1_236' title='bbox 2051 2413 2182 2480; x_wconf 84' lang='lat' dir='ltr'>qui-</span> 
     </span>
     <span class='ocr_line' id='line_1_27' title="bbox 243 2499 2183 2564; baseline 0.001 -12"><span class='ocrx_word' id='word_1_237' title='bbox 243 2500 361 2552; x_wconf 90' lang='lat' dir='ltr'>dem</span> <span class='ocrx_word' id='word_1_238' title='bbox 397 2499 605 2553; x_wconf 88' lang='lat' dir='ltr'>Caesari</span> <span class='ocrx_word' id='word_1_239' title='bbox 645 2500 806 2564; x_wconf 86' lang='lat' dir='ltr'>dedit,</span> <span class='ocrx_word' id='word_1_240' title='bbox 858 2500 951 2552; x_wconf 90' lang='lat' dir='ltr'>sed</span> <span class='ocrx_word' id='word_1_241' title='bbox 985 2500 1278 2553; x_wconf 91' lang='lat' dir='ltr'>honoribus</span> <span class='ocrx_word' id='word_1_242' title='bbox 1315 2500 1677 2553; x_wconf 86' lang='lat' dir='ltr'>consularibus</span> <span class='ocrx_word' id='word_1_243' title='bbox 1723 2517 1844 2553; x_wconf 88' lang='lat' dir='ltr'>eum</span> <span class='ocrx_word' id='word_1_244' title='bbox 1883 2501 2091 2553; x_wconf 90' lang='lat' dir='ltr'>ornavit</span> <span class='ocrx_word' id='word_1_245' title='bbox 2128 2507 2183 2553; x_wconf 80' lang='lat' dir='ltr'>et</span> 
     </span>
     <span class='ocr_line' id='line_1_28' title="bbox 238 2587 2182 2656; baseline 0.001 -16"><span class='ocrx_word' id='word_1_246' title='bbox 238 2588 489 2656; x_wconf 89' lang='lat' dir='ltr'>permisit,</span> <span class='ocrx_word' id='word_1_247' title='bbox 526 2591 585 2641; x_wconf 90' lang='lat' dir='ltr'>ut</span> <span class='ocrx_word' id='word_1_248' title='bbox 620 2588 758 2641; x_wconf 88' lang='lat' dir='ltr'>inter</span> <span class='ocrx_word' id='word_1_249' title='bbox 792 2589 1094 2642; x_wconf 89' lang='lat' dir='ltr'>consulares</span> <span class='ocrx_word' id='word_1_250' title='bbox 1130 2589 1447 2642; x_wconf 86' lang='lat' dir='ltr'>sententiam</span> <span class='ocrx_word' id='word_1_251' title='bbox 1489 2589 1662 2641; x_wconf 89' lang='lat' dir='ltr'>dicere</span> <span class='ocrx_word' id='word_1_252' title='bbox 1699 2590 1743 2640; x_wconf 95' lang='lat' dir='ltr'>ei</span> <span class='ocrx_word' id='word_1_253' title='bbox 1782 2589 1974 2641; x_wconf 88' lang='lat' dir='ltr'>liceret.</span> <span class='ocrx_word' id='word_1_254' title='bbox 2015 2591 2019 2593; x_wconf 69' lang='grc'><strong><em>’</em></strong></span> <span class='ocrx_word' id='word_1_255' title='bbox 2048 2587 2182 2642; x_wconf 77' lang='lat' dir='ltr'>Cae-&#39;-</span> 
     </span>
     <span class='ocr_line' id='line_1_29' title="bbox 237 2674 2182 2744; baseline 0 -15"><span class='ocrx_word' id='word_1_256' title='bbox 237 2691 324 2729; x_wconf 87' lang='lat' dir='ltr'>sar</span> <span class='ocrx_word' id='word_1_257' title='bbox 385 2678 567 2728; x_wconf 88' lang='lat' dir='ltr'>autem</span> <span class='ocrx_word' id='word_1_258' title='bbox 609 2674 887 2729; x_wconf 85' lang='lat' dir='ltr'>Rubicone</span> <span class='ocrx_word' id='word_1_259' title='bbox 950 2677 1190 2740; x_wconf 87' lang='lat' dir='ltr'>traiecto,</span> <span class='ocrx_word' id='word_1_260' title='bbox 1252 2679 1538 2744; x_wconf 87' lang='lat' dir='ltr'>postquam</span> <span class='ocrx_word' id='word_1_261' title='bbox 1587 2676 1873 2729; x_wconf 84' lang='lat' dir='ltr'>exercitum</span> <span class='ocrx_word' id='word_1_262' title='bbox 1922 2677 2182 2729; x_wconf 77' lang='lat' dir='ltr'>suumin</span> 
     </span>
     <span class='ocr_line' id='line_1_30' title="bbox 238 2763 2182 2832; baseline 0.001 -16"><span class='ocrx_word' id='word_1_263' title='bbox 238 2764 372 2817; x_wconf 91' lang='lat' dir='ltr'>duas</span> <span class='ocrx_word' id='word_1_264' title='bbox 409 2767 598 2832; x_wconf 61' lang='lat' dir='ltr'>partes&gt;</span> <span class='ocrx_word' id='word_1_265' title='bbox 622 2765 809 2830; x_wconf 85' lang='lat' dir='ltr'>divisit,</span> <span class='ocrx_word' id='word_1_266' title='bbox 845 2765 1074 2819; x_wconf 90' lang='lat' dir='ltr'>Romam</span> <span class='ocrx_word' id='word_1_267' title='bbox 1113 2765 1298 2832; x_wconf 87' lang='lat' dir='ltr'>petivit</span> <span class='ocrx_word' id='word_1_268' title='bbox 1318 2763 1534 2831; x_wconf 25' lang='lat' dir='ltr'>*magnis</span> <span class='ocrx_word' id='word_1_269' title='bbox 1563 2763 1982 2817; x_wconf 67' lang='lat' dir='ltr'>itineribuscu‘m·</span> <span class='ocrx_word' id='word_1_270' title='bbox 2015 2781 2182 2832; x_wconf 82' lang='lat' dir='ltr'>parva</span> 
     </span>
     <span class='ocr_line' id='line_1_31' title="bbox 240 2851 2181 2920; baseline 0.001 -15"><span class='ocrx_word' id='word_1_271' title='bbox 240 2869 406 2905; x_wconf 88' lang='lat' dir='ltr'>manu</span> <span class='ocrx_word' id='word_1_272' title='bbox 439 2853 709 2920; x_wconf 56' lang='lat' dir='ltr'>expedita,</span> <span class='ocrx_word' id='word_1_273' title='bbox 734 2855 933 2905; x_wconf 87' lang='lat' dir='ltr'>ceteres</span> <span class='ocrx_word' id='word_1_274' title='bbox 968 2853 1218 2920; x_wconf 88' lang='lat' dir='ltr'>subsequi</span> <span class='ocrx_word' id='word_1_275' title='bbox 1258 2852 1417 2904; x_wconf 87' lang='lat' dir='ltr'>iussit.</span> <span class='ocrx_word' id='word_1_276' title='bbox 1477 2851 1593 2915; x_wconf 87' lang='lat' dir='ltr'>Qua</span> <span class='ocrx_word' id='word_1_277' title='bbox 1627 2868 1682 2904; x_wconf 90' lang='lat' dir='ltr'>re</span> <span class='ocrx_word' id='word_1_278' title='bbox 1717 2858 1991 2919; x_wconf 87' lang='lat' dir='ltr'>comperta</span> <span class='ocrx_word' id='word_1_279' title='bbox 2029 2869 2181 2906; x_wconf 52' lang='lat' dir='ltr'>senae</span> 
     </span>
     <span class='ocr_line' id='line_1_32' title="bbox 237 2939 2182 3008; baseline 0.001 -16"><span class='ocrx_word' id='word_1_280' title='bbox 237 2943 323 2992; x_wconf 86' lang='lat' dir='ltr'>tus</span> <span class='ocrx_word' id='word_1_281' title='bbox 384 2941 427 2994; x_wconf 93' lang='lat' dir='ltr'>ei</span> <span class='ocrx_word' id='word_1_282' title='bbox 480 2941 679 3008; x_wconf 81' lang='lat' dir='ltr'>legatos</span> <span class='ocrx_word' id='word_1_283' title='bbox 731 2940 944 2993; x_wconf 87' lang='lat' dir='ltr'>obviam</span> <span class='ocrx_word' id='word_1_284' title='bbox 981 2941 1150 3005; x_wconf 90' lang='lat' dir='ltr'>misit,</span> <span class='ocrx_word' id='word_1_285' title='bbox 1199 2941 1288 3007; x_wconf 91' lang='lat' dir='ltr'>qui</span> <span class='ocrx_word' id='word_1_286' title='bbox 1336 2940 1560 3007; x_wconf 86' lang='lat' dir='ltr'>pecunia</span> <span class='ocrx_word' id='word_1_287' title='bbox 1599 2939 1721 2992; x_wconf 86' lang='lat' dir='ltr'>data</span> <span class='ocrx_word' id='word_1_288' title='bbox 1761 2940 2059 3006; x_wconf 85' lang='lat' dir='ltr'>efficerent,</span> <span class='ocrx_word' id='word_1_289' title='bbox 2113 2957 2182 2994; x_wconf 89' lang='lat' dir='ltr'>ne</span> 
     </span>
    </p>
   </div>
   <div class='ocr_carea' id='block_1_3' title="bbox 240 3065 562 3074">
    <p class='ocr_par' dir='ltr' id='par_1_3' title="bbox 240 3065 562 3074">
     <span class='ocr_line' id='line_1_33' title="bbox 240 3065 562 3074; baseline 0 818"><span class='ocrx_word' id='word_1_290' title='bbox 240 3065 562 3074; x_wconf 95' lang='lat' dir='ltr'> </span> 
     </span>
    </p>
   </div>
   <div class='ocr_carea' id='block_1_4' title="bbox 348 3105 1416 3382">
    <p class='ocr_par' dir='ltr' id='par_1_4' title="bbox 348 3105 1416 3242">
     <span class='ocr_line' id='line_1_34' title="bbox 348 3105 1416 3173; baseline 0 -14"><span class='ocrx_word' id='word_1_291' title='bbox 348 3116 396 3172; x_wconf 90' lang='lat'>1)</span> <span class='ocrx_word' id='word_1_292' title='bbox 425 3105 490 3160; x_wconf 78' lang='lat' dir='ltr'>of.</span> <span class='ocrx_word' id='word_1_293' title='bbox 520 3115 579 3159; x_wconf 85' lang='lat' dir='ltr'>ad</span> <span class='ocrx_word' id='word_1_294' title='bbox 601 3115 719 3159; x_wconf 70' lang='lat' dir='ltr'>fam.</span> <span class='ocrx_word' id='word_1_295' title='bbox 754 3115 820 3173; x_wconf 90' lang='lat'>10,</span> <span class='ocrx_word' id='word_1_296' title='bbox 855 3115 924 3168; x_wconf 85' lang='lat'>31,</span> <span class='ocrx_word' id='word_1_297' title='bbox 959 3116 980 3159; x_wconf 95' lang='lat'>1</span> <span class='ocrx_word' id='word_1_298' title='bbox 1016 3123 1118 3160; x_wconf 80' lang='lat' dir='ltr'>cum</span> <span class='ocrx_word' id='word_1_299' title='bbox 1154 3116 1218 3168; x_wconf 89' lang='lat'>10,</span> <span class='ocrx_word' id='word_1_300' title='bbox 1249 3115 1318 3168; x_wconf 86' lang='lat'>33,</span> <span class='ocrx_word' id='word_1_301' title='bbox 1346 3117 1416 3159; x_wconf 55' lang='lat' dir='ltr'>3.v</span> 
     </span>
     <span class='ocr_line' id='line_1_35' title="bbox 349 3186 1171 3242; baseline 0.001 -12"><span class='ocrx_word' id='word_1_302' title='bbox 349 3187 394 3241; x_wconf 84' lang='lat'>2)</span> <span class='ocrx_word' id='word_1_303' title='bbox 425 3187 486 3231; x_wconf 79' lang='lat' dir='ltr'>ad</span> <span class='ocrx_word' id='word_1_304' title='bbox 519 3187 645 3230; x_wconf 74' lang='lat' dir='ltr'>Brut.</span> <span class='ocrx_word' id='word_1_305' title='bbox 681 3187 718 3237; x_wconf 91' lang='lat'>1,</span> <span class='ocrx_word' id='word_1_306' title='bbox 749 3187 790 3239; x_wconf 85' lang='lat'>4,</span> <span class='ocrx_word' id='word_1_307' title='bbox 824 3189 851 3230; x_wconf 89' lang='lat'>6</span> <span class='ocrx_word' id='word_1_308' title='bbox 882 3186 963 3242; x_wconf 88' lang='lat' dir='ltr'>(Id.</span> <span class='ocrx_word' id='word_1_309' title='bbox 1001 3187 1171 3240; x_wconf 83' lang='lat' dir='ltr'>Maiis).</span> 
     </span>
    </p>

    <p class='ocr_par' dir='ltr' id='par_1_5' title="bbox 351 3258 1341 3382">
     <span class='ocr_line' id='line_1_36' title="bbox 351 3258 1341 3315; baseline 0.001 -14"><span class='ocrx_word' id='word_1_310' title='bbox 351 3258 395 3314; x_wconf 87' lang='lat'>3)</span> <span class='ocrx_word' id='word_1_311' title='bbox 428 3259 486 3302; x_wconf 75' lang='lat' dir='ltr'>ad</span> <span class='ocrx_word' id='word_1_312' title='bbox 518 3259 625 3302; x_wconf 75' lang='lat' dir='ltr'>fam.</span> <span class='ocrx_word' id='word_1_313' title='bbox 661 3259 727 3309; x_wconf 81' lang='grc' dir='ltr'>ιο,</span> <span class='ocrx_word' id='word_1_314' title='bbox 758 3258 826 3309; x_wconf 84' lang='lat'>23,</span> <span class='ocrx_word' id='word_1_315' title='bbox 861 3261 899 3303; x_wconf 86' lang='lat'>2.</span> <span class='ocrx_word' id='word_1_316' title='bbox 939 3306 947 3315; x_wconf 9' lang='grc' dir='ltr'>ἢ,</span> <span class='ocrx_word' id='word_1_317' title='bbox 1074 3288 1179 3310; x_wconf 72' lang='grc' dir='ltr'>, </span> <span class='ocrx_word' id='word_1_318' title='bbox 1244 3312 1246 3315; x_wconf 12' lang='lat' dir='ltr'>v</span> <span class='ocrx_word' id='word_1_319' title='bbox 1339 3306 1341 3311; x_wconf 23' lang='lat' dir='ltr'>s</span> 
     </span>
     <span class='ocr_line' id='line_1_37' title="bbox 354 3321 1247 3382; baseline -0.001 -10"><span class='ocrx_word' id='word_1_320' title='bbox 354 3330 402 3382; x_wconf 82' lang='lat'>4)</span> <span class='ocrx_word' id='word_1_321' title='bbox 434 3329 499 3373; x_wconf 78' lang='lat' dir='ltr'>of.</span> <span class='ocrx_word' id='word_1_322' title='bbox 529 3328 615 3373; x_wconf 81' lang='lat' dir='ltr'>Dio</span> <span class='ocrx_word' id='word_1_323' title='bbox 643 3329 713 3382; x_wconf 85' lang='lat'>46,</span> <span class='ocrx_word' id='word_1_324' title='bbox 743 3327 812 3372; x_wconf 82' lang='lat'>43.</span> <span class='ocrx_word' id='word_1_325' title='bbox 985 3329 997 3343; x_wconf 71' lang='lat'>⁶</span> <span class='ocrx_word' id='word_1_326' title='bbox 1044 3324 1046 3326; x_wconf 65' lang='grc'><strong>“</strong></span> <span class='ocrx_word' id='word_1_327' title='bbox 1141 3321 1149 3326; x_wconf 74' lang='grc'><strong>’</strong></span> <span class='ocrx_word' id='word_1_328' title='bbox 1245 3326 1247 3330; x_wconf 93' lang='grc'><strong><em>·</em></strong></span> 
     </span>
    </p>
   </div>
  </div>
 </body>
</html>
