2358 3892
1190 212 1255 262 24

239 375 362 413 cum
382 360 598 412 consilio
623 359 910 411 decrevisse
931 359 982 409 et
1015 358 1286 410 decretum
1308 360 1377 412 ab
1403 360 1491 425 eis,
1524 359 1689 428 quiin
1712 362 1925 415 consilio
1951 362 2179 431 fuerant,

243 447 387 499 velut
424 447 697 512 Cicerone,
747 448 1078 513 obsignatum
1125 463 1248 498 esse.
1333 447 1440 500 Nec
1493 449 1665 501 minus
1715 448 1898 502 Cicero
1943 451 2096 516 (Phil.
2139 453 2183 517 1,

248 535 377 600 2-3)
413 534 570 588 refert
605 536 898 587 Antonium
937 534 1005 586 ad
1044 550 1134 586 eas
1163 534 1582 600 deliberationes,
1631 552 1767 604 quas
1796 537 1938 590 domi
1965 539 2188 593 haberet

249 621 315 673 de
350 638 406 673 re
455 623 689 689 publica,
737 623 997 689 principes
1040 622 1262 674 civitatis
1309 624 1640 689 adhibuisse,
1691 626 1760 678 ad
1787 641 1910 678 eum
1947 627 2190 681 ordinem

249 725 332 762 res
367 711 624 763 maximas
659 711 904 762 detulisse
938 710 1006 762 ad
1044 710 1350 778 omniaque,
1389 728 1528 780 quae
1555 713 1627 764 illi
1652 717 1945 780 rogassent,
1978 731 2191 770 summa

249 799 542 850 constantia
580 798 926 865 respondisse.
990 797 1334 852 Memorabile
1378 801 1480 853 hoc
1514 802 1649 854 inest
1694 803 1748 854 in
1791 802 2190 856 Buthrotiorum

252 902 426 950 causa,
461 887 604 953 quod
633 890 752 940 acta
773 885 1011 938 Caesaris
1039 887 1198 939 etiam
1231 891 1351 955 post
1379 893 1606 942 mortem
1637 890 1748 943 eius
1774 890 1952 944 valere
1981 891 2194 959 placuit.

393 973 640 1041 Sequitur
678 974 993 1026 Iudaeorum
1019 990 1194 1028 causa.
1258 976 1334 1029 Ex
1367 977 1419 1029 S.
1455 977 1530 1031 Co
1567 979 1712 1046 apud
1750 976 2030 1047 Iosephum
2067 981 2194 1034 Ant.

252 1061 442 1114 Iudaic.
474 1062 605 1125 XIV,
646 1063 722 1126 10,
761 1063 822 1114 10
859 1066 1082 1129 apparet
1119 1079 1166 1115 a.
1196 1064 1243 1116 d.
1277 1065 1357 1117 III.
1398 1066 1471 1118 Id.
1505 1067 1634 1134 Apr.
1665 1071 1915 1120 senatum
1950 1069 2194 1123 habitum

252 1166 363 1201 esse
400 1151 469 1202 ab
504 1151 730 1202 Antonio
767 1153 819 1202 et
856 1151 1128 1204 Dolabella
1165 1154 1484 1208 consulibus
1563 1155 1638 1207 Ibi
1669 1155 1813 1209 aliud
1830 1155 1883 1209 S.
1905 1155 1962 1210 C.
1991 1157 2196 1211 factum

252 1238 630 1304 comfirmatur,
673 1239 819 1306 quod
864 1254 912 1292 a.
952 1240 1002 1292 d.
1045 1240 1102 1293 V.
1141 1241 1213 1294 Id.
1251 1242 1572 1296 Februarias
1627 1243 1830 1297 factum
1878 1260 1981 1298 nec
2013 1250 2195 1299 tamen

252 1327 305 1377 in
341 1327 599 1378 aerarium
640 1327 874 1380 delatum
914 1331 1004 1392 est,
1042 1346 1149 1397 quo
1186 1331 1404 1398 quidem
1442 1332 1493 1384 S.
1518 1331 1594 1385 Co
1620 1332 1828 1386 Iudaeis
1861 1335 1915 1386 et
1945 1333 2196 1402 Hyrcano

251 1415 509 1466 sacerdoti
546 1414 732 1467 foedus
771 1416 958 1469 datum
995 1422 1098 1479 est;
1139 1420 1288 1472 cuius
1313 1423 1491 1487 partes
1525 1424 1784 1488 putantur
1810 1424 2019 1475 exstare
2050 1423 2197 1489 apud

251 1502 530 1570 Iosephum
582 1504 757 1570 paullo
803 1508 929 1557 ante
981 1506 1082 1559 hoc
1132 1507 1183 1559 S.
1223 1506 1279 1561 C.
1327 1508 1472 1572 (Ant.
1514 1509 1625 1562 Iud.
1662 1509 1797 1577 XIV,
1839 1511 1918 1574 10,
1956 1509 1988 1577 ἓ
2020 1511 2194 1577 3-7),

250 1591 445 1643 Eorum
485 1591 535 1642 S.
570 1590 765 1644 Corum
803 1594 1152 1660 prooemium,
1188 1598 1248 1646 ut
1273 1595 1346 1648 ita
1379 1595 1567 1661 dicam,
1604 1600 1776 1650 exstat
1812 1597 1892 1663 10,
1924 1599 1985 1651 7:
2034 1599 2200 1660 Γάιος

250 1682 462 1746 Καῖσαρ
502 1709 566 1716 —-
604 1679 787 1746 λόγους
846 1680 1147 1750 ἐποιήσατο
1195 1683 1322 1751 περὶ
1372 1686 1482 1735 τῶν
1534 1685 1757 1737 δικαίων
1804 1689 1903 1738 τοῦ
1939 1686 2199 1756 Ὑρκανοῦ

249 1771 346 1819 τοῦ
379 1768 751 1836 Ἀλεξάνδρου,
802 1770 1088 1839 α’ρχιερέως
1122 1771 1392 1825 Ἰουδαίων
1441 1773 1531 1826 καὶ
1570 1773 1876 1844 ἐθνάρχου,
1926 1776 2198 1839 τοιούτους

252 1896 434 1909 ......
471 1857 643 1918 καλῶς
680 1859 788 1923 ἔχει
824 1860 914 1910 καὶ
948 1859 1090 1928 ἡμᾶς
1115 1861 1594 1931 ἀπομνημονεύειν
1628 1863 1719 1915 καὶ
1749 1868 2022 1931 προνοεῖν,
2050 1863 2199 1928 ὅπως

246 1947 481 2014 Ὑρκανῷ
530 1947 619 1997 καὶ
668 1950 746 2014 τῷ
794 1949 948 2000 ἔθνει
984 1951 1094 2002 τῶν
1128 1951 1402 2003 Ἰουδαίων
1437 1952 1528 2003 καὶ
1564 1955 1677 2013 τοῖς
1709 1952 1967 2022 Ὑρκανοῦ
2002 1955 2198 2008 παισὶν

251 2035 358 2088 ὑπὸ
396 2035 690 2106 συγκλήτου
725 2038 814 2088 καὶ
851 2037 1027 2106 δήμου
1049 2039 1323 2106 Ῥωμαίων
1361 2041 1495 2103 α’ξία
1525 2043 1619 2101 τῗς
1652 2041 1790 2110 πρὸς
1824 2041 1965 2111 ἡμᾶς
1987 2041 2199 2105 εὐνοίας

250 2125 429 2176 αὐτῶν
461 2125 550 2176 καὶ
587 2115 664 2177 aiv
700 2125 1055 2195 εὐεργέτησαν
1090 2129 1233 2195 ἡμᾶς
1264 2127 1420 2196 χάρις
1456 2129 1875 2199 ἄνταποδοθῇα.
1931 2131 1997 2185 Et
2029 2133 2198 2186 multa

250 2215 343 2267 viri
380 2215 518 2268 docti
558 2216 623 2268 de
660 2216 740 2268 his
779 2217 1019 2284 decretiS,
1060 2218 1254 2285 quibus
1281 2218 1396 2270 Iulii
1422 2211 1662 2272 Caesaris
1694 2221 1746 2272 in
1778 2220 2002 2275 Iudaeos
2037 2222 2199 2274 bene-

251 2304 368 2356 ficia
405 2304 785 2370 contineretur,
840 2307 1201 2371 coniecerunt,
1251 2323 1359 2375 quo
1405 2308 1566 2361 modo
1602 2309 1738 2362 inter
1775 2326 1833 2362 se
1867 2313 1920 2363 et
1953 2325 2074 2364 cum
2113 2310 2199 2363 illo

251 2393 302 2445 S.
331 2391 405 2445 Co
443 2393 791 2457 cohaereant;
833 2411 962 2448 nam
999 2412 1192 2462 parum
1231 2400 1355 2449 sunt
1389 2399 1512 2465 apte
1550 2397 1804 2465 disposita
1839 2401 1891 2451 et
1920 2402 2199 2468 tamquam

252 2480 303 2532 vi
342 2481 572 2533 disiecta.
642 2483 844 2536 Niesius
881 2483 1126 2549 (Hermes
1148 2485 1236 2538 XI.
1273 2502 1326 2553 p.
1345 2486 1470 2552 486)
1506 2487 1716 2554 putavit
1752 2488 1932 2541 omnia
1969 2488 2040 2541 ad
2073 2487 2201 2541 illud

251 2569 304 2621 S.
345 2568 399 2621 C.
437 2571 716 2636 pertinere,
753 2572 898 2638 quod
935 2588 985 2625 a.
1021 2573 1072 2626 d.
1114 2573 1171 2625 V.
1200 2574 1274 2626 Id.
1313 2574 1465 2627 Febr.
1503 2575 1690 2627 datum
1727 2577 1820 2627 est.
1891 2575 2018 2628 Mihi
2054 2575 2200 2629 aliud

253 2658 303 2709 in
355 2661 589 2710 mentem
640 2661 797 2713 venit.
880 2661 1015 2714 Cum
1079 2663 1219 2714 enim
1275 2661 1326 2729 (ἓ
1377 2663 1430 2729 3)
1481 2663 1686 2731 Iosephi
1733 2664 1927 2717 verba:
1997 2662 2202 2716 »Γαΐου

259 2751 544 2813 Καίσαρος,
584 2747 801 2800 ὑπάτου
832 2749 1148 2817 δεδογμένα,
1189 2757 1649 2819 συγκεχωρημένα,
1688 2757 2202 2820 προσκεκριμένα-

259 2838 452 2890 mirum
483 2838 536 2890 in
565 2839 783 2891 modum
818 2840 1005 2893 similia
1042 2841 1146 2892 sint
1178 2841 1280 2893 eis:
1316 2856 1485 2909 »quae
1517 2841 1599 2894 lex
1626 2857 1811 2895 earum
1841 2857 2039 2907 rerum,
2067 2858 2204 2911 quas
2251 2916 2254 2918 η

258 2926 451 2979 Caesar
501 2928 793 2992 statuisset,
846 2929 1183 2996 decrevisset,
1236 2930 1453 2996 egisset,
1501 2929 1803 2983 consulibus
1849 2930 2203 2997 cognitionem

262 3015 468 3078 dedit«,
504 3043 567 3075 -,-
618 3017 809 3083 quibus
849 3020 970 3070 acta
1007 3017 1244 3071 Caesaris
1285 3019 1675 3086 significantur,
1714 3035 1779 3072 ex
1814 3021 2206 3074 commentariis

258 3105 496 3158 Caesaris
548 3106 678 3157 haec
725 3106 931 3173 Iosephi
969 3108 1132 3174 petita
1175 3124 1287 3161 esse
1337 3108 1503 3162 conici
1554 3111 1755 3177 potest,
1813 3125 1946 3177 quos
1990 3112 2202 3162 secutus

259 3194 522 3247 Antonius
557 3194 607 3245 S.
628 3193 702 3258 C.,
741 3196 885 3262 quod
923 3196 1028 3248 iam
1066 3214 1112 3249 a.
1143 3198 1193 3249 d.
1220 3197 1280 3250 V.
1304 3198 1376 3250 Id.
1409 3198 1578 3262 Febr„
1616 3214 1738 3251 cum
1767 3197 1962 3252 Caesar
1995 3199 2204 3251 senatui

259 3285 543 3350 praeesset,
582 3282 780 3335 factum
817 3287 943 3349 erat,
978 3287 1184 3338 senatui
1210 3287 1386 3339 denuo
1414 3287 1708 3355 proposuit,
1747 3291 1810 3340 ut·
1841 3291 1954 3341 tum
1989 3286 2204 3355 quidem

263 3390 294 3425 a
332 3371 702 3439 quaestoribus
740 3373 792 3424 in
826 3374 1091 3426 aerarium
1127 3375 1315 3428 deferri
1351 3378 1543 3448 posset.v
