2358 3892
1132 223 1164 273 9

182 368 337 432 Quid,
374 369 515 435 quod
554 368 809 432 RankiUS,
849 385 1089 421 summus
1126 370 1222 431 ille,
1264 369 1548 436 quicquam
1587 370 1711 422 certi
1749 371 1814 421 de
1849 386 1912 421 ea
1947 387 2004 421 re
2038 370 2114 422 af-

184 457 317 509 ferre
349 457 697 509 non-audet?
745 459 830 523 (cf.
871 457 1131 520 RankiuS,
1171 458 1202 508 l.
1234 474 1305 509 c.:
1362 458 1504 509 »Auf
1537 458 1619 509 die
1657 457 1847 523 Frage,
1887 459 1957 509 ob
1993 458 2111 509 dem

181 544 354 599 Autor
390 545 487 597 das
515 545 677 597 Werk
712 545 805 597 des
840 546 1051 598 Asinius
1088 546 1253 597 Pollio
1289 545 1452 598 selbst
1487 547 1612 598 oder
1649 547 1762 598 eine
1797 546 2116 611 griechische

182 631 538 699 Bearbeitung
587 633 898 699 vorgelegen
953 633 1070 695 hat,
1118 633 1248 698 gehe
1281 633 1361 684 ich
1400 633 1543 686 nicht
1582 635 1742 699 eim).
1811 635 2114 701 Appianum

182 720 395 788 quidem
444 724 495 772 et
530 720 871 773 Plutarchum
919 721 969 771 in
1019 721 1154 772 bello
1192 721 1323 772 civili
1360 722 1728 788 perscribendo
1765 723 1912 789 sequi
1948 738 2113 774 unum

182 809 517 877 eundemque
573 812 843 861 auctorem
903 810 1039 860 inter
1085 826 1267 861 omnes
1313 813 1534 862 constat.
1609 810 1890 874 Quomodo
1932 814 2110 863 autem

182 898 235 950 id
279 898 473 951 factum
510 897 575 949 sit
609 899 660 948 et
697 897 942 964 quisnam
983 898 1136 949 fuerit
1169 898 1277 963 ille,
1329 915 1435 950 non
1474 898 1613 950 idem
1646 915 1831 950 omnes
1869 900 2114 950 sentiunt.

184 983 486 1051 Thouret1)
519 985 657 1036 enim
692 985 1074 1037 demonstravit
1099 989 1389 1053 utrumque
1424 987 1732 1053 scriptorem
1766 988 1926 1039 alium
1954 987 2115 1039 Grae-

182 1090 305 1127 cum
353 1089 529 1125 rerum
580 1073 889 1140 scriptorem
937 1073 1264 1137 adhibuisse,
1317 1076 1404 1141 qui
1451 1076 1559 1142 ipse
1608 1092 1822 1142 quoque
1867 1077 2116 1128 Pollionis

183 1163 269 1215 illo
305 1177 464 1230 opere
504 1177 625 1214 usus
656 1165 807 1228 esset,
842 1178 1001 1229 quem
1041 1163 1253 1229 quidem
1294 1180 1413 1214 cum
1440 1163 1743 1215 Ciceronem
1772 1165 2118 1232 Asiniumque

185 1255 299 1304 tum
335 1250 540 1304 Livium
590 1251 794 1302 novisse
843 1253 998 1318 putat
1050 1255 1100 1302 et
1137 1252 1446 1318 Appianum
1486 1253 1697 1319 quidem
1739 1270 2013 1320 nunquam
2052 1255 2120 1306 ab

125 1405 128 1410 Δ
186 1343 402 1395 auctore
451 1356 548 1392 suo
599 1339 834 1402 differre,
882 1339 1225 1392 Plutarchum
1278 1340 1543 1391 interdum
1584 1341 1754 1408 ipsum
1790 1342 1992 1394 Livium
2031 1345 2123 1395 ad-

182 1430 428 1484 hibuisse.
525 1428 633 1480 Iam
672 1428 988 1481 Plutarchus
1054 1428 1271 1491 (Caesar
1318 1429 1404 1494 63)
1454 1430 1658 1482 scribit:
1723 1430 2016 1498 »Στράβων
2063 1434 2124 1482 δὲ

183 1519 215 1571 ὁ
268 1516 566 1588 φιλόσοφος
615 1516 877 1583 ἴστορε-ἴα,
940 1519 1063 1570 dicit
1114 1517 1479 1586 ὑπομνήματα
1531 1517 1774 1586 ἱστορικά
1833 1520 2122 1574 Strabonis,

185 1609 364 1676 Atque
408 1608 728 1661 Strabonem
776 1623 932 1659 usum
984 1624 1097 1659 esse
1150 1625 1309 1675 opere
1347 1607 1510 1659 Asinii
1549 1606 1797 1660 Pollionis
1842 1609 2010 1662 elucet
2060 1629 2122 1663 ex

182 1697 388 1766 Iosephi
428 1696 830 1764 antiquitatibus
869 1697 1089 1749 Iudaicis
1131 1697 1270 1760 14‚8,
1288 1698 1333 1748 3.
1414 1698 1547 1760 Quid
1589 1714 1711 1748 vero
1754 1699 1954 1762 obstat,
1990 1717 2119 1766 quo-

182 1789 356 1842 minus
404 1787 455 1838 in
500 1789 680 1838 nostra
723 1802 935 1854 quoque
987 1789 1231 1853 tempora
1282 1786 1600 1839 Strabonem
1661 1803 1773 1839 esse
1822 1788 2117 1840 adhibitum

181 1874 520 1946 putemus?2)
660 1873 662 1875 ’

321 1974 493 2036 Num,
542 1977 600 2025 ut
637 1971 873 2025 Thouret
921 1977 1124 2035 censet,
1175 1974 1454 2040 Appianus
1501 1974 1569 2025 ad
1620 1975 1891 2026 historiam
1928 1975 2050 2027 inde
2088 1993 2119 2028 a

185 2063 410 2118 Caesare
459 2062 626 2115 occiso
680 2078 846 2129 usque
900 2062 967 2114 ad
1019 2078 1247 2128 pugnam
1297 2062 1639 2130 philippicam
1692 2065 2116 2130 perscribendam

185 2156 396 2222 praeter
422 2168 563 2213 eum,
607 2167 765 2218 quem
796 2151 954 2203 modo
983 2151 1226 2212 diximus,
1268 2153 1378 2218 ipso
1406 2152 1584 2203 Asinio
1613 2169 1735 2203 usus
1760 2153 1841 2218 sit,
1880 2153 2117 2205 difficilli-

191 2259 338 2296 mum
380 2245 457 2294 est
497 2241 564 2293 ad
593 2240 1015 2304 diiudicandum,
1055 2241 1298 2307 equidem
1331 2241 1602 2292 verisimile
1634 2241 1682 2292 id
1713 2258 1823 2293 esse
1852 2259 2056 2294 censeo

323 2340 472 2404 Quae
509 2341 787 2407 Appianus
839 2339 906 2391 ad
945 2343 1187 2406 tempora
1228 2339 1541 2402 definienda,
1583 2340 1632 2390 in
1669 2339 1969 2392 nominibus
2006 2358 2122 2408 pro-

188 2428 312 2498 priis
341 2428 602 2496 rebusque
632 2429 995 2497 geographicis
1018 2429 1494 2481 commemorandis
1514 2429 1705 2492 attulit,
1733 2445 1891 2497 saepe
1912 2431 2124 2482 minime

185 2515 434 2564 accurata
468 2515 607 2564 sunt.

325 2609 597 2663 Plutarchi
647 2613 826 2663 autem
878 2611 1011 2662 vitas
1062 2609 1323 2673 CaesariS,
1369 2609 1661 2673 CiceroniS,
1700 2611 1940 2675 Antonii,
1978 2611 2124 2664 Bruti

185 2715 293 2751 non
331 2700 462 2752 tanti
501 2700 720 2763 faciam,
759 2701 942 2767 quanti
983 2699 1104 2751 fecit
1141 2699 1424 2751 Schillerus
1461 2716 1510 2765 p.
1541 2701 1571 2750 5
1604 2698 1633 2749 l.
1661 2715 1703 2750 c.
1764 2699 1947 2766 Neque
1985 2702 2123 2752 enim

184 2789 353 2840 solum
406 2789 573 2840 multa
623 2788 823 2851 omisit,
881 2788 971 2840 sed
1021 2789 1176 2840 etiam
1229 2804 1386 2854 saepe
1424 2804 1504 2838 res
1543 2804 1647 2838 non
1688 2804 1766 2850 eo,
1806 2805 1911 2855 quo
1947 2793 2125 2854 gestae

188 2881 336 2941 sunt,
385 2877 567 2929 ordine
609 2881 814 2940 narrat,
865 2881 922 2928 ut
959 2878 1024 2928 ad
1064 2881 1304 2944 tempora
1345 2877 1644 2928 delinienda
1683 2893 1790 2928 non
1830 2893 2026 2943 magna
2064 2879 2128 2930 sit

189 2967 300 3018 eius
347 2966 558 3019 utilitas.
628 2967 782 3030 Quod
834 2983 958 3018 vero
1007 2967 1284 3018 Schillerus
1333 2966 1454 3017 dicit
1493 2965 1835 3018 Plutarchum
1876 2967 2127 3034 imprimis

190 3055 406 3108 Latinos
461 3059 702 3108 auctores
761 3073 872 3107 esse
924 3060 1195 3118 secutum,
1250 3056 1336 3106 vix
1392 3055 1715 3106 credendum
1770 3059 1861 3106 est.
1947 3049 2127 3108 Potius

191 3143 482 3196 Schmidtio
517 3146 747 3197 concedo
777 3145 1120 3197 Plutarchum
1160 3143 1461 3211 saepissime
1499 3160 1563 3194 ex
1591 3143 1784 3195 eisdem
1806 3144 2125 3197 Graecorum

309 3337 351 3384 1)
384 3335 448 3380 De
482 3335 709 3388 Cicerone,
747 3337 917 3388 Asinio,
951 3337 1170 3388 Pollione,
1202 3336 1246 3379 C.
1270 3336 1414 3391 Oppio
1440 3349 1587 3379 rerum
1617 3336 1991 3381 Caesarianaruni
2026 3337 2129 3381 scri·

192 3407 412 3464 ptoribus,
446 3407 680 3464 Leipziger
711 3409 902 3452 Studien
936 3409 967 3461 I,
1001 3423 1043 3465 p.
1073 3409 1154 3452 304
1168 3408 1214 3451 ff.

305 3494 350 3549 2)
382 3493 446 3537 Cf.
481 3493 694 3537 Walther
720 3493 929 3551 Judeich,
970 3495 1156 3539 »Caesar
1188 3495 1248 3537 im
1282 3494 1482 3547 orient«,
1517 3494 1641 3547 1885,
1673 3509 1714 3550 p,
1746 3494 1800 3537 33
1813 3494 1859 3538 ff.
