2358 3892
1178 153 1247 205 53

1079 438 1352 509 Vita.

321 663 326 666 ,
359 616 510 661 Natus
556 629 652 658 sum
699 627 805 668 eg0‚
850 614 1037 657 Carolus
1068 615 1238 658 Paulus
1271 615 1507 671 Adolphus
1538 617 1879 660 Maximilianus
1921 620 1975 662 de
2009 620 2185 676 Hagen,

243 687 478 733 Erfortiae
511 699 633 730 anno
666 686 773 730 1861
808 699 847 728 a.
879 686 919 729 d.
949 686 1031 729 III.
1056 687 1177 731 Non.
1207 687 1329 743 Sept.
1361 689 1495 742 patre
1527 687 1760 738 Eduardo,
1795 692 1942 733 matre
1975 691 2186 746 Augusta

241 759 299 804 de
338 760 480 816 gente
513 757 721 803 Bischoff.
786 757 992 808 Patrem,
1037 757 1118 812 qui
1161 757 1252 801 arti
1283 757 1503 814 pingendi
1545 771 1728 813 operam
1761 760 1858 809 dat,
1912 764 1959 803 et
1991 765 2182 806 matrem

243 829 515 887 superstites
543 842 640 872 esse
673 827 833 871 laetor.
894 828 1019 872 Fidei
1053 828 1266 872 addictus
1298 843 1395 871 sum
1432 829 1740 884 evangelicae.
1801 832 1863 874 Ac
1894 832 2053 887 primis
2086 834 2187 888 qui-

249 901 352 946 dem
380 900 642 944 litterarum
670 898 909 942 elementis
933 898 1141 942 imbutus
1164 914 1262 942 sum
1295 913 1379 955 per
1409 900 1522 943 duos
1552 915 1692 944 annos
1723 901 1769 944 in
1804 903 1954 946 schola
1991 905 2188 958 quadam

246 986 351 1017 cum
401 971 642 1028 gymnasio
678 971 936 1015 coniuncta.
1003 971 1117 1014 Tum
1152 985 1274 1015 anno
1306 972 1417 1015 1870
1448 971 1494 1014 in
1527 974 1700 1015 sextam
1740 973 1926 1017 classem
1962 975 2191 1031 gymnasii

245 1044 366 1102 regii
393 1043 670 1089 Erfortensis
704 1045 919 1100 receptus
944 1057 1058 1094 sum,
1091 1044 1212 1086 unde
1242 1044 1432 1086 ineunte
1466 1057 1586 1086 anno
1614 1044 1722 1087 1879
1756 1046 2041 1091 maturitatis
2062 1048 2191 1092 testi-

251 1115 455 1161 monium
486 1115 682 1172 adeptus
712 1129 826 1159 sum.
876 1114 975 1167 Quo
1000 1115 1124 1158 facto
1144 1114 1283 1157 Halas
1309 1129 1377 1157 me
1403 1114 1591 1166 contuli,
1623 1115 1700 1158 ubi
1724 1130 1803 1171 per
1828 1117 1894 1159 bis
1917 1132 1993 1162 sex
2018 1135 2190 1165 menses

249 1187 532 1245 philologiae
577 1186 791 1230 classicae
837 1188 883 1229 et
925 1185 1146 1229 historiae
1189 1186 1363 1230 vacavi.
1427 1185 1612 1231 Scholas
1634 1188 1801 1230 vaudivi
1835 1190 2190 1248 Dittenbergeri‚

252 1259 547 1311 Duemmleri‚
577 1257 778 1314 Haymii,
811 1257 990 1310 Hilleri,
1024 1257 1179 1309 Keilii,
1213 1257 1477 1308 Schummii,
1510 1258 1711 1302 Zacheri.
1778 1260 1953 1304 Sodalis
1987 1262 2054 1305 fui
2089 1278 2190 1318 pro-

251 1329 488 1374 seminarii
518 1328 806 1386 philologici,
839 1329 912 1372 cui
943 1331 1156 1385 praeerat
1181 1329 1398 1381 Hillerus,
1431 1331 1477 1372 et
1508 1330 1739 1374 societatis
1769 1332 2032 1385 historicae,
2064 1335 2191 1378 cuius

248 1400 602 1446 exercitationes
646 1400 973 1444 moderabatur
1005 1400 1306 1443 Schummius.
1374 1401 1505 1443 Anno
1536 1401 1814 1457 insequenti,
1852 1418 1951 1446 cum
1988 1406 2192 1449 Bonnam

249 1472 602 1530 demigrassem,
646 1472 779 1516 valde
818 1485 890 1514 me
923 1473 1154 1514 auxerunt
1185 1471 1459 1527 Bel-naysius
1494 1473 1580 1528 (†)‚
1625 1474 1888 1524 Buecheler,
1931 1461 2193 1527 Kekuleius,

184 1558 189 1564 ·
245 1541 473 1596 Kleinius,
495 1543 600 1595 Leo,
628 1543 843 1587 Schaefer
861 1543 935 1597 (†),
967 1542 1152 1585 Usener.
1214 1542 1449 1598 Particeps
1471 1543 1537 1585 fui
1565 1544 1940 1588 exercitationum
1966 1546 2194 1590 seminarii

249 1613 522 1672 philologici
551 1614 783 1659 inferioris
813 1615 1002 1658 auctore
1033 1614 1194 1658 Leone.
1246 1613 1407 1658 Hieme
1438 1615 1590 1658 autem
1625 1615 1874 1671 implicitus
1908 1632 2004 1660 sum
2037 1619 2195 1662 morbo

249 1686 538 1744 gravissimo.
595 1686 686 1730 Ubi
721 1686 917 1742 primum
952 1687 1183 1729 recreatus
1214 1700 1334 1737 sum,
1367 1685 1568 1742 Lipsiam
1602 1687 1833 1742 profectus
1861 1702 1932 1731 me
1964 1689 2194 1745 applicavi

251 1759 309 1802 ad
343 1758 397 1802 G.
430 1758 639 1803 Curtium
660 1759 735 1814 (†),
767 1756 1083 1802 Ecksteinium
1103 1757 1178 1812 (†),
1211 1756 1425 1811 Lipsium,
1459 1757 1502 1800 C.
1525 1757 1848 1810 Hermannum‚
1878 1758 2193 1813 Ribbeckium‚

256 1829 560 1883 Roscherum,
594 1829 876 1886 Seydelium,
916 1827 1200 1871 Zarnckium.
1262 1827 1440 1884 Lipsius
1483 1828 1708 1883 permisit,
1750 1831 1802 1872 ut
1845 1830 2014 1874 sodalis
2052 1845 2193 1875 essem

250 1900 484 1946 seminarii
516 1898 1039 1958 philologico-historici‚
1074 1898 1125 1942 G.
1156 1897 1332 1942 Curtius
1364 1912 1435 1942 me
1467 1898 1514 1942 in
1548 1899 1809 1943 societatem
1842 1902 2193 1957 grammaticam

253 1971 477 2018 Graecam
524 1971 716 2027 recepit,
763 1970 1072 2022 Ecksteinius‚
1114 1969 1343 2014 seminarii
1379 1970 1681 2027 paedagogici
1712 1971 2115 2016 exercitationibus
2143 1975 2196 2016 ut

251 2043 472 2096 adessem,
503 2042 725 2100 permisit.
785 2042 980 2086 Ineunte
1012 2054 1133 2083 anno
1167 2041 1277 2083 1882
1310 2041 1560 2097 demigravi
1596 2041 1875 2094 Berolinum,
1908 2043 1984 2085 ubi
2017 2058 2099 2099 per
2130 2045 2196 2087 bis

253 2129 332 2159 sex
364 2129 543 2158 menses
574 2113 751 2158 scholas
782 2111 1070 2167 frequentavi
1116 2111 1162 2154 E.
1197 2111 1364 2164 Curtii,
1396 2113 1499 2156 Joh.
1526 2112 1577 2155 G.
1605 2113 1845 2169 Droysenii
1875 2116 1957 2169 (†)‚
1990 2114 2192 2158 Roberti.

248 2186 499 2231 Praeterea
521 2185 706 2230 Curtius
736 2184 784 2228 in
811 2183 1078 2227 societatem
1109 2183 1497 2240 archaeologicam
1533 2198 1604 2228 me
1631 2184 1815 2239 recepit,
1847 2184 2111 2240 Mommsen,
2143 2188 2196 2227 ut

248 2256 483 2302 seminarii
526 2255 731 2301 historici
778 2253 1181 2299 exercitationibus
1220 2253 1512 2307 interessem,
1553 2255 1775 2311 permisit.
1832 2254 1991 2298 Hieme
2027 2255 2194 2299 iterum

254 2329 414 2373 morbo
445 2327 528 2372 illo
559 2327 754 2372 affectus
786 2341 886 2370 sum
915 2325 1054 2381 idque
1086 2325 1218 2378 adeo,
1248 2327 1301 2368 ut
1327 2341 1411 2382 per
1442 2327 1554 2370 duos
1585 2340 1727 2369 annos
1761 2326 1934 2382 (1883-
1953 2327 2024 2380 85)
2059 2327 2193 2383 plane

251 2399 406 2444 studio
430 2399 691 2444 litterarum
721 2398 938 2442 desistere
963 2388 1148 2441 coactus
1170 2396 1269 2440 sim.
1315 2396 1403 2441 Sed
1428 2411 1527 2441 cum
1551 2396 1728 2440 animus
1749 2411 1998 2453 corpusque
2022 2397 2194 2441 refecta

249 2473 422 2525 essent,
466 2473 598 2516 tanto
642 2484 795 2514 amore
848 2470 1110 2513 litterarum
1160 2482 1267 2512 sane
1307 2483 1543 2523 nunquam
1577 2468 1802 2512 exstincto
1834 2468 2050 2523 impletus
2082 2483 2194 2519 sum,

251 2543 306 2587 ut
337 2542 599 2587 academiae
618 2539 961 2598 Marburgensis
990 2539 1158 2583 sodalis
1190 2540 1358 2584 fierem.
1404 2539 1491 2583 Hic
1523 2554 1603 2595 per
1628 2542 1699 2583 ter
1720 2553 1798 2582 sex
1822 2553 1996 2583 menses
2018 2539 2192 2582 scholas

250 2613 409 2659 audivi
439 2612 733 2671 Bergmanni,
769 2611 916 2663 Birtii,
951 2610 1154 2663 Cohenii,
1187 2610 1391 2654 Caesaris
1410 2612 1485 2666 (†),
1517 2609 1804 2660 Herrmanni‚
1837 2609 2003 2661 Lenzii,
2037 2609 2194 2661 Niesii,

251 2685 518 2738 Sehmidffii,
559 2682 903 2740 Varrentrappi.
967 2683 1210 2726 Praeterea
1254 2682 1657 2726 exercitationibus
1695 2680 2037 2737 philosophicis,
2082 2695 2195 2736 quas

251 2757 570 2814 Bergmannus
605 2757 948 2806 moderabatur,
996 2753 1174 2805 vacavi,
1216 2752 1448 2797 seminarii
1481 2751 1702 2804 historici,
1735 2751 1809 2795 cui
1841 2751 2030 2795 Lenzius
2063 2764 2194 2807 prae-

254 2830 367 2880 erat,
400 2827 570 2871 sodalis
599 2827 678 2870 fui.

369 2898 450 2942 His
483 2899 591 2942 viris
625 2897 915 2948 doctissimis,
948 2896 1028 2952 qui
1061 2897 1117 2940 de
1149 2910 1221 2938 me
1252 2895 1366 2938 bene
1388 2893 1541 2937 meriti
1567 2896 1686 2943 sunt,
1721 2907 1772 2936 ex
1798 2892 1937 2935 animi
1965 2893 2195 2937 sententia

257 2968 431 3024 gratias
461 2982 564 3024 ago,
596 2967 823 3025 imprimis
855 2967 1044 3018 Hillero,
1080 2966 1256 3019 Lenzio,
1287 2964 1456 3009 Niesio.
