2358 3892
1205 178 1292 231 44.

273 323 416 389 apud
461 322 626 379 Vada
683 332 740 379 se
787 324 1105 390 coniungere
1172 329 1367 392 posset,
1423 326 1606 379 itinere
1665 327 1860 380 difficili
1907 344 1939 380 a
1986 327 2233 390 Piceno„

273 405 363 461 ubi
401 413 605 465 tertiam
643 415 800 466 etiam
842 412 1099 478 legionem
1139 417 1399 480 coegerat,
1451 417 1599 466 trans
1636 414 2018 482 Appenninum
2056 415 2215 468 facto.

274 497 525 561 Quonam
566 502 746 554 animo
798 500 1121 553 Octavianus
1173 503 1223 552 in
1270 502 1331 553 D.
1380 503 1605 554 Brutum
1653 501 1824 566 fuerit,
1873 519 1940 555 ex
1966 504 2214 571 Appiano

274 585 468 654 (3‚-73)
511 590 855 656 cognoscitur.
937 588 984 638 Is
1035 588 1175 641 enim
1230 590 1534 642 obsessione
1573 588 1825 641 liberatus
1874 591 2216 644 vehementer

273 674 457 728 timere
506 678 704 744 coepit,
757 693 825 729 ne
860 675 1186 729 Octavianus
1232 678 1283 730 in
1336 694 1393 730 se
1442 680 1501 730 ut
1544 676 1933 730 interfectorem
1967 677 2217 731 ‘Caesaris

272 759 731 817 animadverteret.
801 765 983 832 Itaque
1019 765 1272 832 pontibus
1312 766 1536 818 rescissis
1571 765 1642 818 ad
1679 765 1826 817 illum
1852 765 2008 829 misit,
2045 767 2133 832 qui
2170 767 2217 818 ei

272 847 467 916 gra-tias
503 856 735 919 agerent,
773 854 915 920 quod
954 869 1009 904 se
1042 869 1104 905 ex
1142 854 1376 920 periculo
1402 869 1614 905 summo
1641 859 1924 920 rerumque
1963 853 2217 919 angustiis

272 940 561 1006 eripuisset,
599 940 670 993 ab
709 956 878 1008 eoque
905 944 1159 1007 peterent,
1198 945 1253 993 ut
1286 958 1466 994 coram
1488 941 1676 993 incolis
1702 941 1881 1008 oppidi
1907 941 2219 1008 interposito

272 1027 490 1079 flumine
526 1045 707 1080 secum
746 1029 1152 1096 colloqueretur.
1211 1029 1409 1082 Caesar
1447 1032 1628 1082 autem
1653 1029 1997 1082 vehementer
2030 1030 2079 1081 in
2108 1029 2219 1080 illos

272 1114 506 1167 invectus
546 1118 759 1182 negavit
796 1133 851 1168 59
878 1117 1077 1169 Decimi
1117 1118 1372 1170 liberandi
1415 1134 1579 1170 causa
1613 1117 1834 1183 venisse.
1880 1117 2043 1168 immo
2077 1133 2217 1181 vero,

272 1206 329 1254 ut
373 1203 609 1257 Antonio
676 1205 874 1257 bellum
938 1206 1168 1269 inferret,
1207 1223 1313 1274 quo
1363 1205 1568 1258 devicto
1617 1203 1748 1256 nihil
1794 1204 2037 1269 obstare,
2088 1205 2216 1271 quin

272 1292 324 1342 in
362 1292 590 1357 gratiam
611 1293 801 1345 rediret
829 1310 951 1345 cum
979 1310 1072 1355 eo;
1111 1294 1255 1346 illum
1295 1310 1421 1346 vero
1442 1294 1510 1346 ad
1548 1309 1604 1345 59
1630 1308 1736 1344 11011
1773 1308 1829 1344 59
1864 1291 2218 1345 admissurum

272 1395 395 1431 esse.
445 1379 784 1448 Quamquam
820 1382 885 1434 de
922 1398 985 1434 eo
1008 1398 1116 1434 non
1142 1386 1267 1434 ante
1301 1382 1614 1449 supplicium
1651 1383 1990 1448 sumpturum
2024 1397 2136 1433 esse
2162 1397 2219 1434 se

270 1467 529 1534 pollicitus
559 1473 652 1532 est,
689 1486 850 1537 quam
880 1471 933 1522 id
975 1471 1179 1522 senatui
1209 1470 1504 1538 placuisset.
1555 1469 1675 1533 Qua
1699 1469 1766 1521 de
1802 1485 1862 1521 re
1888 1469 2079 1521 certior
2110 1468 2219 1521 fac-

270 1559 354 1607 tus
369 1555 615 1608 Decimus
634 1558 702 1609 ad
722 1558 918 1610 flumen
940 1559 1194 1611 accedens
1207 1558 1433 1611 Caesare
1452 1560 1644 1610 vocato
1661 1573 1855 1622 magna
1872 1573 2002 1609 voce
2018 1556 2220 1610 litteras

270 1647 486 1696 senatus
535 1645 793 1711 recitavit,
843 1647 1037 1713 quibus
1084 1647 1283 1699 bellum
1323 1645 2058 1714 AntonianumGalliamque
2094 1661 2220 1712 pro-

267 1732 513 1785 vinciam
532 1737 838 1801 acceperat;
866 1733 1219 1786 Octavianum
1249 1751 1370 1787 eam
1399 1734 1650 1786 invadere
1675 1733 1858 1798 vetuit,
1894 1749 1951 1785 se
1978 1749 2222 1800 persecu-

269 1823 449 1872 turum
489 1838 598 1873 esse
617 1822 910 1874 Antonium
958 1823 1228 1889 professus
1265 1826 1358 1875 est.
1430 1822 1595 1884 Haeo,
1633 1829 1772 1888 quae
1792 1821 2072 1887 Appianas
2109 1837 2221 1874 me-

269 1909 470 1961 moriae
508 1910 756 1976 prodidit,
794 1910 1170 1963 verisimillima
1207 1910 1395 1975 sunt1).
1451 1910 1529 1962 Ex
1562 1925 1740 1962 rerum
1778 1909 1918 1961 enim
1955 1912 2096 1962 statu
2134 1909 2220 1962 vix

270 1997 497 2049 dubitari
516 2001 704 2065 potest,
727 1999 854 2065 qui'n
875 1999 927 2050 in
943 1999 1069 2051 odio
1086 1999 1335 2052 habuerit
1348 1999 1677 2052 Octavianus
1691 1998 1980 2050 Decimum.
2017 1997 2219 2061 Quodsi

269 2086 354 2137 hic
398 2086 467 2137 ad
517 2085 826 2139 Ciceronem
876 2087 1082 2154 scripsit
1125 2088 1216 2151 (ad
1253 2087 1379 2139 fam.
1424 2087 1502 2150 11,
1557 2087 1635 2149 10,
1677 2086 1762 2151 4):
1818 2086 1996 2153 »quod
2045 2086 2087 2138 si
2113 2102 2221 2138 Ι1119

269 2172 465 2225 Caesar
497 2174 732 2226 audisset
771 2178 932 2242 atque
968 2175 1351 2242 Appenninum
1388 2174 1692 2228 transisset«
1728 2177 1780 2226 et
1821 2172 2062 2240 »Caesari
2113 2190 2242 2226 non*

269 2261 550 2314 credebam
590 2263 733 2329 prius
762 2279 923 2329 quain
957 2264 1314 2315 convenissem
1343 2266 1395 2316 et
1420 2263 1717 2329 collocutus
1742 2278 1945 2315 essem«
1978 2263 2067 2328 (ad
2098 2263 2221 2315 fam.

274 2349 350 2413 11,
406 2350 519 2413 1311,
572 2351 637 2414 1),
687 2351 809 2403 inde
859 2351 984 2402 nihil
1041 2352 1279 2418 sequitur
1325 2368 1488 2418 quam
1536 2351 1762 2403 voluisse
1814 2351 2039 2403 Brutum
2095 2366 2219 2403 cum

269 2437 496 2490 Caesare
525 2439 768 2507 colloqui,
795 2456 1137 2506 nequaquam
1163 2443 1344 2491 autem
1370 2440 1481 2492 illos
1518 2455 1575 2491 re
1608 2454 1730 2491 vera
1759 2455 2066 2504 congressos
2091 2454 2221 2490 esse.

270 2524 514 2578 Decimus
584 2543 692 2580 non
777 2529 957 2579 statim
1039 2531 1157 2594 post
1229 2528 1487 2595 proelium
1554 2527 1850 2580 Mutinense
1920 2527 2113 2593 erupit·
2150 2526 2243 2578 adt

269 2614 562 2666 Antonium
626 2616 936 2681 delendum,
998 2617 1259 2683 primum,
1322 2616 1468 2683 quod
1525 2614 1876 2666 Octavianum
1938 2615 2220 2666 convenire

270 2702 498 2766 volebat,
552 2707 661 2755 tum
716 2705 857 2771 quod
912 2705 1023 2756 sine
1080 2705 1344 2771 equitibus
1387 2721 1450 2756 ac
1500 2703 1749 2755 iumentis
1805 2706 1936 2766 erat,
1991 2703 2219 2770 denique

270 2791 415 2857 quod
442 2791 618 2843 Pansa
641 2808 760 2844 eum
795 2793 1161 2857 arcessiverat,·
1193 2809 1314 2844 cum
1337 2808 1462 2844 vero
1489 2792 1559 2843 ad
1577 2808 1698 2843 eum
1725 2794 2049 2858 properaret,
2086 2806 2220 2843 nun·
2300 2795 2308 2803 '

270 2879 458 2931 tiatum
499 2883 576 2932 est
612 2897 735 2932 eum
774 2896 888 2932 esse
925 2881 1260 2946 mortuum2).
1327 2881 1465 2932 Tum
1505 2881 1726 2932 recurrit
1774 2880 1843 2931 ad
1883 2880 2060 2947 copias
2087 2896 2220 2932 suas

270 2983 365 3019 nec
419 2985 543 3020 vero
592 2969 658 3020 ad
702 2969 848 3021 Vada
891 2971 1162 3036 processit.
1252 2970 1328 3022 Ex
1371 2971 1484 3021 eius
1517 2969 1740 3037 epistula
1788 2968 1877 3020 ad·
1909 2968 2216 3021 Ciceronem

270 3055 398 3110 data
443 3057 706 3109 Dertonae
755 3075 801 3109 a.
840 3058 888 3109 d.
945 3058 1024 3109 Ill.
1072 3074 1195 3110 non.
1255 3057 1420 3110 Maias
1465 3057 1590 3122 (Cic.
1639 3057 1708 3109 ad
1762 3056 1884 3110 fam.
1926 3058 2004 3122 11,
2051 3057 2218 3123 1-0‚.3)

386 3260 428 3316 1)
461 3273 745 3317 quamquam
779 3263 835 3306 de
866 3247 947 3306 eis
969 3259 1159 3306 dubitat
1192 3261 1485 3306 Drumannus
1517 3261 1550 3314 Ι,
1581 3261 1679 3305 310.
1716 3261 1815 3306 342.

383 3329 431 3389 2)
462 3330 526 3376 cf.
558 3333 617 3379 ad
651 3334 758 3378 fam.
792 3335 862 3388 11,
896 3333 1003 3388 1312,
1041 3331 1119 3377 lff.
