2358 3892
1136 261 1198 315 31

200 414 619 487 (quma-ihus
683 411 893 479 affirmas
975 405 1240 464 Cornificii
1319 413 1579 482 frequenti
1648 419 1833 471 senatu
1898 420 2140 476 recitasse

191 497 418 568 saints
439 496 815 575 Quinquatrus
847 503 1000 553 erant
1034 515 1080 552 a.
1108 500 1158 553 d.
1189 503 1319 556 XIV.
1347 503 1461 557 Kal.
1490 505 1652 572 April.
1691 507 1775 571 (cf.
1809 507 1960 562 Ovid.
1981 510 2117 565 Fast.

192 598 277 660 ΠΙ,-
302 596 516 661 809ff.)·.
590 599 668 652 Ex
695 598 803 653 Cic.
837 599 907 652 ad
935 598 1058 651 fam.
1091 594 1305 658 10‚10‚1
1349 593 1513 645 videri
1548 596 1721 660 potest
1754 595 1988 650 Pansam
2017 614 2124 652 non

190 689 314 754 pust
348 685 487 739 diem
523 686 601 739 Ill.
632 687 749 740 Kal.
782 687 958 756 April.v
980 683 1275 754 profectum
1313 698 1441 735 esse.
1495 681 1665 748 Vulgo
1700 683 1751 734 id
1783 683 1982 737 factum
2018 703 2128 739 esse

189 772 463 828 a-.·d.x111·.
481 774 748 844 KaLApr.
781 776 965 829 fertur.
1027 772 1203 826 Etiam
1226 772 1346 838 post
1376 770 1663 822 discessum
1689 770 1895 824 Pansae
1924 773 2127 827 litterae

111 895 114 898 ,
188 862 375 932 Lepidi
403 867 455 916 et
490 863 674 918 Planci
715 867 840 917 sunt
878 864 1098 926 allatae,
1137 860 1328 929 quibus
1366 859 1572 912 senatui
1609 860 1934 924 suadebant,
1970 865 2030 914 ut
2067 864 2120 916 in

191 951 420 1019 gratiam
483 953 676 1007 rediret
745 969 867 1007 cum
932 951 1196 1014 Antonio,
1269 950 1320 1001 id
1392 948 1535 1017 quod
1594 947 1778 1002 Cicero
1839 951 2126 1016 aegerrime

191 1042 309 1096 tulit
320 1042 380 1109 Ι).

333 1131 398 1184 Α.
429 1131 479 1184 d.
511 1131 573 1183 V.
601 1131 673 1183 Id.
703 1131 835 1199 Apr.
871 1130 1074 1182 litterae
1108 1127 1299 1181 allatae
1336 1128 1460 1179 sunt
1495 1125 1556 1178 P.
1585 1127 1792 1185 Lentuli
1827 1127 2135 1195 SpintheriS,

194 1217 289 1290 qui
309 1235 418 1290 zpro
454 1223 736 1288 quaestore
772 1220 827 1272 in
862 1219 986 1271 Asia
1021 1219 1157 1281 erat,
1195 1215 1390 1284 quibus
1429 1216 1731 1268 accuratius
1767 1217 1834 1268 de
1865 1216 1924 1270 C.
1957 1217 2137 1271 Cassio

194 1309 423 1362 relatum
459 1311 540 1361 est
553 1308 608 1374 ²).
682 1307 941 1360 Postridie
974 1309 1158 1359 autem
1193 1305 1377 1357 litteris
1413 1304 1482 1357 Μ.
1519 1305 1666 1357 Bruti
1702 1308 1882 1360 omnia
1918 1309 1988 1361 ita
2029 1325 2139 1362 esse

134 1382 141 1393 ¹
198 1395 575 1451 confirmatum
602 1400 696 1449 est.
745 1395 958 1450 Cassius
996 1396 1138 1448 enim
1167 1411 1199 1448 a
1222 1394 1446 1447 Lentulo
1470 1395 1694 1462 pecunia
1721 1398 1908 1448 auctus
1920 1397 1961 1462 3)
1997 1399 2140 1466 Apa-

199 1503 374 1541 meam
412 1503 469 1539 se
499 1486 797 1539 contulerat
833 1488 885 1538 et
911 1486 1128 1538 ineunte
1154 1500 1335 1536 mense
1354 1483 1541 1536 Martio
1566 1483 1825 1547 effecerat,
1855 1488 1914 1537 ut
1931 1486 2140 1540 Murcus

89 1639 92 1641 Α
201 1578 256 1629 et
289 1574 508 1644 Crispus
541 1589 666 1627 suos
703 1574 930 1642 quisque
965 1573 1153 1626 milites
1191 1572 1285 1624 sibi
1322 1573 1612 1625 traderent.
1697 1573 1922 1626 Bassum:
1954 1576 2143 1629 milites

198 1666 503 1732 coegerunt,
526 1665 587 1715 ut
609 1662 892 1715 exereitum
917 1661 1098 1715 Cassio
1124 1662 1496 1714 committeret.
1550 1660 1718 1713 Etiam
1746 1665 1998 1729 quattuor
2026 1665 2141 1718 illae

199 1753 446 1820 logioneS,
478 1744 618 1819 quae
642 1752 761 1819 post
783 1749 1024 1804 Caesaris
1052 1749 1249 1801 bellum
1288 1749 1709 1802 Alexandrinum
1735 1754 1887 1804 erant
1911 1752 2140 1805 Alexan-

195 1832 381 1906 driae,
415 1843 466 1893 et
501 1856 634 1908 quas
670 1839 735 1892 A.
766 1837 1031 1902 AllienuS,
1069 1837 1377 1890 Dolabellae
1414 1837 1647 1904 legatus,
1693 1855 1756 1892 ex
1794 1841 2036 1908 Aegypto
2073 1842 2141 1893 ad

193 1921 524 1984 Dolabellam
561 1927 809 1991 adduxit,
852 1927 918 1978 ad
960 1925 1202 1979 Cassium
1241 1926 1578 1980 transierunt.
1662 1926 1838 1980 Idibus
1875 1929 2140 1996 Aprilibus

191 2020 246 2072 in
269 2021 472 2071 ’senatu
507 2015 734 2084 epistula
758 2015 827 2068 M.
845 2016 993 2068 Bruti
1029 2016 1248 2067 recitata
1283 2018 1379 2079 est,
1416 2031 1523 2083 qua
1553 2014 1607 2068 C.
1631 2015 1923 2070 Antonium
1959 2018 2011 2070 in
2042 2035 2138 2071 sua

191 2098 456 2176 potestate
505 2121 618 2158 esse
667 2104 943 2172 scripsit4).
980 2134 1043 2141 -—
1086 2103 1192 2157 Sed
1243 2104 1454 2168 red-eat,
1507 2105 1649 2156 unde
1698 2105 1905 2157 deflexit
1953 2107 2135 2158 oratio.

190 2186 393 2250 Hirtius
431 2195 573 2248 enim
611 2189 664 2246 et
699 2192 913 2256 Caesar,
953 2208 1073 2245 cum
1104 2192 1401 2245 Bononiam
1439 2193 1699 2260 praesidio
1732 2208 1955 2245 vacuam
1994 2194 2137 2246 nullo

180 2276 486 2338 ‘certamine
534 2282 849 2350 recepissent
900 2282 1211 2350 equitesque
1258 2280 1489 2333 hostium
1541 2281 1840 2347 fugassent,
1877 2281 2134 2335 Mutinam

200 2362 782 2442 appropinquaverunt.
838 2370 1036 2422 Eodem
1077 2370 1183 2421 fere
1212 2372 1451 2437 tempore
1475 2369 1652 2422 Pansa
1679 2370 1854 2422 Roma
1878 2371 2139 2437 profectus

189 2452 312 2516 cum
384 2452 559 2514 Hirtio
628 2476 684 2512 se
752 2461 1132 2511 coniuncturus
1197 2461 1327 2511 erat.
1432 2458 1751 2525 Priusquam
1823 2458 2136 2522 advenisset,

190 2549 489 2615 Antonius,
534 2565 658 2602 cum
703 2563 812 2601 non
856 2547 960 2600 iam
1003 2563 1217 2615 sperare
1258 2549 1434 2614 posset
1468 2546 1692 2599 Brutum
1732 2562 1787 2597 se
1818 2545 2134 2610 dediturum,

190 2639 411 2694 Lucium
467 2638 686 2691 fratrem
741 2636 977 2704 reliquit,
1040 2636 1129 2703 qui
1185 2635 1327 2688 illum
1385 2637 1740 2702 oppugnaret;
1799 2634 1908 2702 ipse
1955 2637 2138 2687 contra

181 2716 477 2783 'Caesarem
521 2730 572 2779 et
606 2725 837 2780 Hirtium
875 2725 1143 2792 profectus
1179 2727 1273 2776 est.
1333 2722 1470 2776 Cum
1508 2725 1734 2790 utraque
1769 2726 1937 2775 castra
1971 2738 2138 2790 oppo-

191 2818 294 2871 sita
345 2819 548 2879 essent,
594 2830 693 2882 per
738 2814 939 2882 aliquot
989 2813 1101 2865 dies
1154 2813 1350 2864 leviora
1398 2811 1635 2878 equitum
1676 2811 1963 2862 certamina
1999 2811 2138 2863 facta

193 2908 319 2957 sunt
353 2895 526 2958 Marte
558 2903 813 2970 ancipite,
865 2902 1035 2954 donec
1071 2901 1273 2968 equites
1311 2899 1517 2961 Celtici,
1565 2898 1653 2965 qui
1689 2913 1812 2950 cum
1848 2897 2139 2965 elephantis

196 2994 252 3046 in
293 2991 533 3047 Caesaris
571 3006 766 3044 manus
799 2990 1110 3052 inciderant,
1147 3004 1328 3041 rursus
1366 2987 1435 3039 ad
1472 2987 1764 3039 Antonium
1807 2987 2140 3038 transierunt.

176 3081 260 3135 -Et
310 3093 435 3135 cum
483 3093 593 3134 una
638 3093 760 3132 cum
812 3078 998 3131 ceteris
1036 3076 1369 3131 Caesarianis
1415 3091 1478 3128 ex
1527 3074 1710 3126 castris
1758 3075 1947 3140 egressi
1992 3079 2138 3128 extra

196 3158 374 3223 >aciem
413 3160 642 3232 ivissent,
673 3168 820 3220 brevi
856 3168 910 3219 in
946 3168 1086 3235 ipsos
1113 3165 1479 3228 CaesarianOS,
1516 3163 1605 3230 qui
1641 3161 2021 3229 imprudentius
2054 3180 2143 3216 eos

307 3316 350 3372 1)
382 3317 441 3360 ad
471 3315 581 3360 fam.
619 3315 686 3367 10,
718 3315 810 3368 6,1;
845 3315 910 3366 10,
939 3314 1009 3358 27.

301 3387 350 3445 2)
380 3387 441 3432 ad
466 3387 595 3431 Brut.
625 3386 666 3438 2,
697 3386 781 3439 2,3.
1065 3399 1069 3402 ’
1171 3372 1193 3391 ⁰

304 3459 351 3515 3)
381 3459 440 3510 ad
472 3460 581 3503 fam.
615 3456 684 3510 12,
720 3458 816 3506 14,5
829 3456 866 3502 f.
927 3457 1103 3513 Lange,
1135 3455 1164 3498 1.
1187 3469 1223 3498 c.
1255 3469 1303 3511 p.
1329 3453 1454 3497 532f.

311 3529 358 3586 4)
388 3530 545 3588 Lange
579 3527 664 3582 111,
697 3527 916 3572 532-33.
977 3528 1027 3572 P.
1059 3527 1230 3583 Meyer,
1262 3525 1291 3568 l.
1325 3538 1360 3568 c.
1392 3538 1436 3580 p.
1467 3521 1650 3566 26—27.
