2358 3892
1159 255 1225 308 928

218 391 322 470 que
359 401 492 453 adeo
521 397 659 449 duae
690 390 930 463 legiones
950 408 1013 444 ex
1043 390 1258 443 Antonii
1287 389 1520 442 exercitu
1551 388 1623 442 ad
1654 405 1778 443 eum
1814 390 2155 455 transierunt,

218 505 325 558 quo
361 487 560 540 factum
596 488 698 547 est,
750 486 806 534 ut
841 482 950 533 eius
987 495 1148 546 opera
1189 477 1404 530 Antonii
1445 478 1739 544 potentiam
1795 478 1960 532 minui
1998 495 2154 547 posse

217 579 432 630 senatus
495 574 743 641 speraret.
833 567 1149 621 Kalendaria
1171 566 1209 630 ¹)
1262 565 1544 633 imperium
1603 565 1674 618 ad
1743 582 1866 618 eum
1918 567 2156 621 delatum

219 682 330 718 esse
367 664 546 716 dicunt
579 677 626 713 a.
653 660 703 711 d.
730 657 832 708 VII.
857 656 932 708 Id.
969 655 1097 716 Ian.;
1139 654 1285 721 quod
1320 653 1523 707 factum
1553 669 1666 706 esse
1701 653 1899 721 Spoleti
1935 659 2157 724 apparet

217 771 281 806 ex
309 751 477 804 Plinio
489 750 531 813 2)
570 750 703 810 (nat.
734 745 850 797 hist.
883 743 1121 809 11‚196).
1178 742 1425 809 Rogante
1462 742 1641 795 vitrico
1673 742 1729 794 L.
1755 741 1950 795 Marcio
1979 746 2156 798 statua

217 838 474 908 equestris
513 835 804 888 Octaviano
850 831 1061 883 decreta
1096 829 1243 894 estss).
1316 829 1372 881 In
1424 829 1656 882 nummis
1691 832 1900 882 statuae
1934 831 2156 899 inscrip-

218 934 332 980 tum
370 929 448 979 est
487 922 704 990 »Populi
734 921 914 973 Iussu«
937 919 995 983 4).
1063 918 1262 970 Deinde
1294 918 1412 970 tulit
1447 917 1690 982 MarciUS,
1727 923 1787 970 ut
1824 919 2027 986 militeS,
2065 921 2158 988 qui

219 1015 511 1069 Antonium
548 1010 889 1080 reliquissent,
928 1006 1026 1074 ipsi
1061 1008 1114 1058 et
1141 1005 1290 1058 liberi
1318 1005 1588 1072 stipendiis
1615 1006 1946 1059 solverentur
1974 1008 2158 1076 utique

221 1105 292 1157 eis
330 1117 524 1166 magna
560 1098 782 1165 pecunia
821 1111 940 1147 cum
978 1095 1119 1162 agris
1154 1093 1619 1162 promitteretur⁵).
1683 1093 1780 1147 Cui
1817 1094 2027 1148 Salvius
2062 1098 2156 1149 tri-

215 1193 390 1244 bunus
439 1187 601 1256 plebis
650 1184 938 1237 intercessit
993 1186 1044 1235 et
1098 1183 1245 1247 tulit,
1293 1185 1350 1234 ut
1385 1183 1703 1236 sententiam
1742 1183 1858 1237 loco
1895 1185 2152 1238 consulari

214 1279 406 1333 Caesar
442 1277 652 1340 diceret,
688 1289 807 1326 cum
847 1273 912 1324 de
949 1272 1215 1339 praetorio
1245 1271 1362 1324 loco
1388 1271 1571 1324 Cicero
1603 1274 1868 1339 suasisset,
1909 1276 2157 1328 consula-

215 1373 435 1434 tumque
471 1365 651 1415 decem
691 1361 843 1414 annis
881 1363 1170 1428 antequam
1211 1377 1306 1428 per
1343 1361 1482 1427 leges
1515 1359 1707 1424 liceret,
1748 1364 1924 1428 petere
1959 1366 2152 1430 posset.

212 1455 364 1520 Quod
400 1454 457 1505 P.
484 1451 702 1503 Servilio
738 1450 996 1517 placuisse
1033 1448 1214 1502 Cicero
1246 1449 1334 1514 (ad
1370 1449 1515 1501 Brut.
1546 1450 1590 1515 1,
1621 1448 1705 1515 15)
1740 1450 1936 1515 scribit,
1975 1452 2156 1520 utique

210 1560 331 1596 cum
373 1543 549 1594 Pansa
599 1543 648 1591 et
686 1538 856 1590 Hirtio
909 1538 1212 1591 consulibus
1260 1538 1456 1590 bellum
1494 1538 1727 1591 Antonio
1765 1539 2006 1604 inferret,
2055 1541 2155 1594 nisi

209 1649 273 1684 ex
309 1631 505 1684 Galliae
554 1627 894 1689 discessisset3
946 1631 998 1679 et
1043 1627 1198 1679 simul
1247 1627 1313 1679 de
1348 1627 1508 1679 laude
1555 1626 1615 1678 D.
1641 1627 1807 1679 Bruto
1852 1629 2151 1695 tribuenda,
2193 1643 2195 1646 ⁴

209 1721 349 1788 quia,
386 1719 592 1786 privato
630 1715 845 1770 consilio
873 1716 1104 1768 exercitu
1136 1719 1465 1783 comparatO,
1502 1715 1797 1769 Antonium
1829 1716 1998 1771 Gallia
2029 1735 2154 1787 pro-

209 1809 484 1872 hibuisset,
532 1807 584 1859 S.
613 1805 670 1859 C.
718 1821 831 1858 esse
877 1804 1078 1858 factum
1116 1805 1396 1872 Appianus
1446 1807 1500 1857 et
1550 1804 1647 1857 Dio
1697 1806 1983 1860 memoriae
2031 1823 2152 1875 pro-

206 1891 483 2031 dldeliilllilstsi
519 1980 643 2030 sunt
690 1977 757 2028 ad
797 1975 1090 2028 Antonium
1131 1975 1276 2028 Serv.
1308 1974 1566 2042 Sulpicius
1596 1975 1797 2041 Ruqu,
1839 1976 1896 2030 L.
1930 1975 2151 2046 Calpur-

205 2069 321 2121 nius
356 2068 501 2131 Piso,
540 2066 595 2119 L.
626 2065 852 2118 Marcius
886 2063 1188 2132 Philippus,
1238 2065 1327 2132 qui
1366 2063 1718 2131 postularent,
1759 2068 1815 2117 ut
1854 2065 1937 2118 ille
1974 2066 2149 2120 Roma

205 2157 410 2209 abesset
447 2157 673 2209 ducenta
707 2152 850 2206 milia
887 2168 1146 2220 passuum
1182 2152 1386 2220 sibique
1423 2152 1627 2204 aditum
1666 2152 1735 2205 ad
1773 2153 1894 2206 Dec.
1920 2155 2143 2208 Brutum

203 2246 368 2298 daret.
400 2245 666 2297 Antonius
686 2245 865 2295 autem
886 2242 1091 2294 senatui
1110 2241 1482 2308 obtemperare
1500 2241 1740 2295 animum
1763 2242 2011 2296 inducere
2037 2260 2145 2299 non

205 2335 388 2400 potuit.
423 2333 618 2400 Legati,
642 2347 763 2385 cum
789 2330 1062 2397 redissent,
1088 2330 1324 2383 inaudita
1350 2330 1616 2398 quaedam
1631 2330 1850 2384 Antonii
1875 2333 2148 2400 postulata

139 2470 150 2480 ,
202 2422 502 2475 detulerunt
528 2421 597 2473 ad
622 2423 887 2473 senatum.
940 2418 1080 2471 Tum
1107 2435 1233 2471 vero
1259 2422 1477 2471 senatus
1508 2418 1561 2471 in
1587 2420 1908 2473 sententiam
1935 2421 1990 2474 L.
2013 2420 2148 2476 Cae-

200 2511 328 2563 saris
365 2510 653 2562 tumultum
692 2508 922 2561 decrevit
935 2507 998 2573 ⁶).
1055 2507 1282 2574 Magnus
1319 2511 1499 2560 autem
1531 2523 1787 2561 numerus
1817 2525 2021 2576 eorum,
2056 2512 2147 2579 qui

203 2598 437 2651 Antonio
475 2597 774 2663 studebant,
812 2598 1004 2664 partim
1042 2597 1112 2650 ad
1151 2613 1272 2650 eum
1311 2597 1489 2664 palam
1528 2597 1746 2664 profecti
1775 2601 1916 2664 sunt,
1953 2615 2061 2668 quo
2092 2601 2146 2653 in

202 2702 427 2738 numero
477 2686 691 2753 quidam
744 2701 958 2753 quoque
1007 2701 1071 2738 ex
1123 2685 1348 2738 tribunis
1387 2685 1579 2754 plebiS,
1629 2686 1773 2739 velut
1809 2687 1866 2739 L.
1901 2686 2146 2742 Decidius

203 2775 342 2827 Saxa
357 2775 413 2840 ⁷),
451 2774 908 2842 praetoribusque,
945 2774 1092 2827 velut
1129 2774 1185 2827 L.
1217 2774 1442 2827 Marcius
1479 2773 1799 2828 Censorinus
1833 2781 1887 2829 et
1921 2777 1980 2829 P.
2011 2777 2146 2830 Ven-

319 2995 362 3050 1)
393 2993 491 3037 Fer.
523 2994 649 3039 cnm.
684 2996 731 3038 et
762 3009 842 3039 ara
868 2972 1193 3049 Narbonensis,
1226 2995 1383 3042 Wilm.
1416 2995 1512 3041 104.

316 3064 360 3118 2)
395 3064 462 3108 Cf.
494 3063 757 3118 Mommsen,
790 3067 834 3111 C.
866 3068 900 3111 I.
932 3067 979 3111 L.
1019 3069 1054 3121 1,
1086 3083 1129 3124 p.
1158 3068 1254 3112 383.
1299 3067 1587 3112 Staatsrecht
1619 3071 1657 3122 1,
1679 3068 1767 3113 442
1785 3069 1839 3125 A,
1857 3070 1898 3114 3.
1931 3070 2087 3126 443·A,
2106 3074 2143 3120 1.

203 3136 284 3178 549
302 3136 354 3188 A,
376 3136 416 3179 1.
447 3150 517 3180 res
549 3139 706 3192 gestae
737 3138 847 3183 Divi
883 3140 1079 3197 Augusti
1110 3154 1154 3197 p.
1182 3142 1222 3184 5.

315 3214 361 3268 3)
392 3213 481 3258 Cic.
513 3214 571 3258 ad
604 3216 732 3258 Brut.
767 3216 805 3268 1,
840 3218 946 3269 15,7.
1011 3218 1097 3262 Dio
1129 3218 1198 3270 46,
1229 3218 1299 3261 29.
1362 3217 1481 3262 Vell.
1520 3218 1559 3271 2,
1589 3218 1659 3271 61,
1692 3219 1731 3262 3.

314 3292 359 3347 4)
396 3291 459 3335 Cf.
493 3291 679 3344 Eckhel,
712 3293 934 3337 Doctrina
964 3294 1270 3339 Nummorum
1302 3296 1510 3340 veterum
1541 3295 1582 3349 6,
1613 3296 1684 3340 73.

315 3365 359 3418 5)
394 3362 482 3406 Cic.
516 3362 632 3406 Phil.
667 3366 705 3416 7,
740 3366 803 3408 10.
870 3365 987 3423 App.
1020 3367 1060 3420 3,
1092 3368 1161 3411 51.
1222 3367 1308 3412 Dio
1338 3367 1407 3421 46,
1441 3367 1510 3413 29.

314 3435 359 3491 6)
395 3433 485 3478 cio.
518 3433 636 3479 Phil.
667 3435 707 3487 8,
743 3436 779 3479 1.

315 3505 359 3561 7)
394 3504 574 3559 Caesar,
605 3505 636 3550 1.
663 3520 702 3550 c.
739 3508 778 3560 1,
810 3508 879 3553 66.
