2358 3892
1139 185 1201 236 51

161 315 321 387 'cum
355 333 672 384 Drumanno
725 347 816 396 per
863 332 1129 383 Helvetios
1175 334 1344 384 iturus
1397 331 1554 384 fuisse
1604 331 1872 396 putandus
1917 333 1994 381 est
2039 334 2132 383 aut

192 419 802 486 Rhenopropefontes'
824 420 1042 470 traiecto
1070 436 1164 485 per
1188 420 1364 486 AlpeS.
1416 418 1532 471 Hac
1565 418 1705 469 enim
1737 418 1945 482 regione
1968 418 2128 484 Alpes

186 511 323 562 {unc
336 507 512 558 inviae
529 510 680 559 erant
697 522 794 558 nec
809 507 980 558 solum
1007 508 1271 569 exercitui,
1298 508 1391 559 sed
1421 508 1581 558 etiam
1600 506 1695 571 ipsi
1730 506 1815 556 vix
1836 508 2130 570 permeabi-

184 594 311 647 aelesn
336 594 504 646 Immo
530 611 638 646 non
665 595 865 657 dubim,
891 595 1019 661 quin
1052 595 1103 645 in
1134 596 1312 646 animo
1339 594 1584 646 habuerit
1609 595 1895 644 exercitum
1924 610 2018 659 per
2046 593 2138 645 Se-

187 694 404 750 quanos
438 682 627 735 Rheno
671 683 875 735 flumini
922 682 1225 744 admovere,
1269 699 1331 734 eo
1373 683 1479 734 fere
1514 682 1739 735 transitu
1776 698 1976 742 usurus,
2023 698 2130 748 quo

188 784 327 823 -usus
362 775 487 824 erat
533 771 843 836 AriovistuS,
893 786 1015 822 cum
1061 786 1124 822 ex
1177 770 1460 822 Germania
1505 771 1556 821 in
1604 769 1824 821 Galliam
1881 771 2140 835 transiret,

187 859 463 912 -utexinde
502 875 594 926 per
611 858 840 910 1Danuvii
879 858 1078 910 vallum
1108 858 1367 926 Illyricum
1404 861 1614 923 peteret.
1661 856 1811 908 Hanc
1846 859 1987 909 enim
2021 858 2126 912 iam

184 947 279 1001 {lis
310 946 640 1014 temporibus
680 946 934 1007 exstitisse
981 947 1139 1009 viam,
1188 949 1245 997 ut
1281 945 1617 998 Cimbrorum
1658 947 1841 998 itinera
1879 947 2136 1011 omittam,

199 1036 506 1098 ealdocent,
542 1034 680 1103 quae
706 1033 898 1087 *Cicero
935 1035 1004 1086 ad
1039 1035 1146 1086 Att.
1190 1035 1270 1098 10,
1306 1035 1401 1099 9‚1
1443 1051 1535 1086 sex
1570 1036 1723 1087 annis
1761 1034 2051 1102 antea=,(49
2089 1051 2137 1087 a.

181 1122 350 1183 chr.)
394 1124 613 1190 scripsit,
658 1124 812 1176 fuisse
861 1139 1129 1175 rumorem
1174 1123 1493 1189 Pompeium
1539 1139 1658 1175 cum
1713 1125 1919 1189 magnis
1978 1124 2139 1189 copiis

144 1202 154 1209 ’
186 1209 298 1264 *iter
329 1211 383 1263 in
421 1211 760 1264 Germaniam
795 1227 890 1278 per
924 1210 1188 1278 Illyricum
1226 1213 1404 1264 fecisse
1425 1212 1484 1277 ¹).
1557 1211 1728 1275 Quem
1767 1229 2033 1264 rumorem
2072 1228 2139 1264 ne

186 1299 344 1373 masei
393 1299 604 1367 quidem
649 1300 882 1366 potuisse
917 1304 1154 1367 apparet,
1204 1301 1301 1352 nisi
1337 1301 1422 1353 via
1455 1318 1550 1367 per
1586 1301 1716 1353 haec
1755 1302 1866 1353 loca
1905 1317 1962 1352 re
2010 1317 2134 1352 vera

183 1387 514 1441 exstitisset
561 1387 745 1454 Neque
782 1389 920 1440 hanc
968 1389 1109 1441 viam
1146 1407 1239 1456 per
1274 1391 1510 1443 Rhaetos
1548 1390 1922 1456 Helvetiosque
1974 1390 2141 1442 direc-

99 1466 102 1467 ⁷
182 1480 469 1529 .mm··esse
515 1476 830 1529 Germaniae
880 1478 1145 1529 mentione
1193 1479 1604 1541 demonstratur,
1665 1480 1918 1545 quoniam
1967 1494 2142 1545 neque

184 1565 391 1618 inhaeti
430 1580 614 1632 neque
665 1565 887 1617 Helvetii
937 1566 1187 1618 Germani
1234 1571 1400 1619 erant.
1486 1566 1621 1620 Cum
1664 1569 1819 1632 igitur
1867 1585 1959 1634 per
2007 1568 2140 1620 haec

181 1653 319 1707 ·luca
353 1654 413 1706 D.
439 1654 636 1707 Brutus
676 1656 962 1707 exercitum
989 1656 1180 1707 ducere
1210 1657 1482 1722 coepisset,
1521 1672 1627 1708 non
1654 1657 1806 1722 longe
1834 1672 2140 1722 progressus

188 1746 293 1796 est.
342 1741 528 1795 Milites
559 1742 1004 1795 enim-laboribus
1042 1745 1242 1810 fatigati
1281 1761 1402 1796 eum
1441 1745 1791 1796 deseruerunt
1828 1748 1878 1795 et
1915 1746 2141 1810 primum

186 1832 408 1895 ramnes,
447 1831 536 1898 qui
572 1832 638 1883 ad
661 1830 942 1884 Caesarem
979 1832 1311 1893 defecerunt;
1349 1833 1530 1899 reliqui
1569 1834 1636 1884 ad
1663 1834 2010 1895 Antonianos
2047 1833 2137 1899 qui

201 1936 292 1972 eos
322 1921 580 1988 persecuti
617 1924 784 1982 erant,
823 1922 1160 1972 transierunt.
1233 1922 1337 1973 Soli
1378 1923 1577 1988 equites
1607 1921 1738 1972 Galli
1771 1923 1929 1973 fidem
1966 1937 2149 1973 serva-

201 2012 341 2072 runt,
377 2009 568 2076 quibus
606 2010 875 2072 concessit,
914 2013 988 2072 ut,
1029 2011 1069 2060 si
1102 2010 1342 2076 placeret,
1373 2011 1590 2062 domum
1622 2012 1862 2061 redirent.
1901 2010 2144 2062 Trecenti

203 2102 383 2151 tamen
421 2098 563 2162 apud
601 2114 722 2149 eum
762 2102 1148 2163 remanserunt,
1201 2100 1512 2163 quibuscum
1551 2100 1618 2150 ad
1656 2100 1905 2151 Rhenum
1947 2115 2138 2165 prope-

205 2187 356 2240 ravit.
413 2186 512 2238 Sed
553 2202 674 2237 cum
714 2186 919 2238 difficile
948 2192 1082 2238 esset
1120 2201 1237 2238 cum
1271 2191 1380 2239 tam
1422 2189 1603 2254 paucis
1633 2189 1882 2241 Rhenum
1910 2190 2148 2255 traicere,

206 2276 258 2328 hi
296 2291 523 2342 quoque,
561 2278 620 2325 ut
642 2275 921 2341 Appianus
950 2276 1117 2341 refert,
1154 2280 1365 2343 praeter
1402 2277 1582 2327 decem
1625 2294 1745 2327 eum
1783 2278 2140 2329 deseruerunt.

206 2364 344 2416 Tum
383 2379 510 2414 vero
547 2363 616 2414 ab
663 2363 899 2414 instituto
938 2364 1116 2415 itinere
1172 2365 1366 2415 destitit
1413 2369 1464 2416 et
1500 2365 1694 2416 Gallica
1751 2369 1895 2417 veste
1935 2367 2149 2417 indutus

207 2469 305 2505 nec
342 2454 569 2519 ignarus
593 2452 805 2518 linquae
845 2451 1074 2504 Gallicae
1110 2453 1350 2504 breviore
1396 2454 1482 2504 via
1520 2454 1818 2519 Aquileiam
1858 2471 2036 2506 versus
2073 2455 2145 2505 ire

207 2542 398 2609 coepit,
448 2557 566 2593 cum
616 2543 850 2606 speraret
896 2556 952 2591 se
997 2556 1117 2592 cum
1165 2542 1344 2608 paucis
1391 2542 1550 2594 latere
1601 2559 1751 2608 posse
1770 2544 1832 2606 2).
1904 2543 2146 2609 Apparet

205 2629 365 2696 igitur
401 2645 523 2682 eum
563 2629 628 2680 de
660 2629 745 2680 via
771 2629 1055 2681 devertisse
1094 2632 1146 2680 et
1169 2646 1262 2696 per
1299 2646 1362 2682 ea
1388 2629 1502 2682 loca
1528 2631 1626 2682 iter
1648 2630 1821 2682 facere
1846 2631 2148 2696 instituisse,

207 2734 302 2786 per
338 2733 478 2785 quae
521 2718 620 2769 nisi
667 2718 719 2768 in
756 2717 965 2770 Gallum
1013 2717 1416 2770 transformatus
1453 2720 1540 2770 vix
1587 2720 1874 2786 pervadere
1919 2723 2143 2786 poterat.

209 2805 389 2859 Conici
432 2806 590 2871 igitur
640 2808 814 2872 potest
862 2822 926 2858 ea
973 2806 1060 2858 via
1111 2822 1234 2858 eum
1271 2808 1346 2859 uti
1382 2808 1622 2871 voluisse,
1673 2824 1780 2875 qua
1819 2825 1850 2859 a
1887 2808 2150 2876 Sequanis

330 3012 376 3066 1)
406 3009 513 3054 Sine
545 3011 683 3055 dubio
712 3012 814 3056 ideo
844 3012 893 3056 id
923 3013 1013 3057 iter
1049 3014 1206 3058 fecisse
1246 3015 1517 3071 putabatur,
1561 3017 1615 3059 ut:
1654 3029 1700 3059 se
1748 3029 1849 3058 cum
1893 3015 2150 3070 legionibus

210 3081 472 3138 Hispanicis
502 3081 815 3140 coniungeret.

330 3168 373 3222 2)
410 3169 528 3223 App.
559 3167 600 3220 3,
612 3168 689 3212 972
718 3169 864 3224 ἢλλαξε
894 3172 938 3212 δὲ
970 3172 1049 3227 τήν
1079 3172 1247 3227 ἐσθῆτα
1274 3176 1316 3220 ἐς
1342 3175 1390 3214 τὸ
1425 3175 1655 3224 Κελτικόν,
1701 3176 2020 3224 ἐξεπιστάμενος
2058 3174 2148 3225 ἅμα

212 3242 281 3282 καὶ
308 3240 388 3295 τήν
418 3239 572 3292 φωνήν,
611 3241 679 3279 καὶ
715 3240 972 3296 διεδίδρασκε
1000 3243 1075 3283 σὺν
1105 3245 1270 3291 ἐκείνοις·
1297 3238 1365 3284 οἷά
1396 3262 1463 3292 τις·
1491 3246 1666 3295 Κελτός,
1698 3248 1746 3287 οὐ
1774 3247 1855 3302 τήν
1886 3252 2145 3304 μακροτέραν

213 3314 277 3353 ἔτι
307 3311 493 3367 περιιών,
524 3309 615 3350 ἀλλ’
646 3311 717 3351 ἐπὶ
743 3311 976 3366 Ἀκυληίας,
1006 3314 1213 3368 λήσεσθαι
1245 3313 1420 3363 νομίζων
1451 3317 1523 3357 (hd
1556 3318 1637 3372 τήν
1671 3318 1910 3372 ὀλιγότητα.
