2358 3892
1132 196 1200 248 39

188 342 304 411 pica
343 344 537 409 quarta
578 341 809 404 decima,
861 357 1026 409 quam
1074 342 1311 395 habitam
1360 357 1473 393 esse
1521 358 1555 393 a
1590 341 1642 394 d.
1688 340 1752 393 X.
1797 340 1910 394 Kal.
1947 338 2113 392 Maias

188 431 413 492 constat,
448 428 620 495 capite
650 432 828 480 sexto:
868 428 1048 494 »Cum,
1086 432 1144 482 ut
1181 429 1337 492 scitiS,
1374 429 1477 481 hoc
1511 429 1687 481 triduo
1726 429 1807 481 vel
1841 429 2124 496 quatriduo

187 515 347 575 tristis
367 531 400 568 a
415 514 622 568 Mutina
641 516 785 568 fama
803 521 1096 582 manaret«,
1115 517 1263 569 illum
1283 517 1530 569 nuntium
1550 516 1769 569 allatum
1791 533 1904 569 esse
1931 516 2056 571 dicit
2075 533 2122 569 a.

186 603 239 656 d.
274 601 404 656 xm.
443 604 524 655 vel
561 603 694 656 XIV.
734 604 849 657 Kal.
892 603 1077 669 MaiaS‚
1114 605 1488 671 intelleginmS‚
1537 605 1627 672 qui
1663 603 1977 668 attulisset,
2003 620 2121 671 pro-

186 690 384 753 fectum
412 707 524 743 esse
557 708 605 744 a.
625 692 675 743 d.
701 691 877 744 XVIII.
899 692 1013 745 Kal.
1043 691 1207 744 Maias
1233 692 1314 744 vel
1339 692 1516 743 Idibus
1540 691 1824 758 Aprilibus,
1859 691 2119 758 proelium

185 778 256 832 ad
279 778 621 850 Scultennam
663 779 862 831 factum
898 780 1076 832 Idibus
1095 780 1362 846 Aprilibus
1398 779 1479 831 vel
1508 779 1673 844 pridie
1697 779 1833 830 Idus.
1891 779 2124 831 Romam

184 869 367 929 autem
403 883 525 919 cum
561 868 719 919 tristis
755 868 839 919 ille
874 884 906 919 a
933 866 1138 919 Mutina
1174 867 1319 919 fama
1352 867 1690 934 pervenisset,
1728 866 1852 917 mali
1888 867 2026 917 cives
2057 865 2123 917 de

185 952 438 1028 Cicerone
454 955 696 1007 necando
715 955 1141 1007 coniuraverunt.
1169 954 1308 1006 Nam
1326 969 1445 1006 cum
1463 954 1516 1004 in
1532 969 1711 1005 rerum
1731 953 2124 1019 perturbatione

184 1057 440 1109 magnum
466 1042 705 1094 omnium
731 1042 923 1094 civium
949 1042 1020 1095 ad
1044 1040 1353 1094 Ciceronem
1380 1056 1701 1092 concursum
1738 1041 1976 1092 futurum
2012 1057 2124 1092 esse

182 1129 595 1201 suspicarentur,
627 1130 794 1181 fasces
823 1125 881 1181 ei‘
898 1129 1106 1181 tradere
1139 1129 1540 1191 constituerunt,
1573 1142 1708 1194 quos
1744 1128 1784 1179 si
1819 1127 2119 1195 accepisset,

182 1231 437 1284 magnam
499 1217 753 1270 invidiam
816 1217 1105 1270 incurreret
1168 1216 1561 1283 periculumque
1627 1217 1787 1279 foret,
1861 1232 1929 1267 ne
1989 1218 2126 1268 tam-

183 1320 348 1372 quam
395 1307 656 1372 tyrannus
705 1322 738 1358 a
784 1304 940 1372 plebe
985 1304 1390 1357 interimeretur.
1473 1303 1579 1356 Sed
1615 1303 1822 1367 Cicer0,
1869 1321 1927 1356 re
1975 1320 2120 1356 com-

181 1397 366 1460 perta,
429 1393 683 1446 auxilium
734 1394 919 1460 petivit
965 1409 999 1445 a
1038 1393 1099 1445 P.
1133 1392 1400 1460 Appuleio
1442 1392 1654 1444 tribuno
1694 1392 1875 1458 plebis.
1953 1392 2122 1444 »Voce

181 1483 373 1538 cuncta
408 1482 585 1534 contio
622 1482 909 1534 declaravit
946 1482 1076 1535 nihil
1112 1498 1221 1533 esse
1257 1497 1291 1533 a
1321 1497 1407 1533 me
1446 1496 1688 1548 unquam
1728 1480 1794 1532 de
1824 1496 1881 1532 re
1912 1479 2122 1546 publica

179 1569 514 1637 nisi-optime
549 1570 871 1636 cogitatum«
914 1570 1008 1635 (cf.
1037 1568 1142 1622 Cic.
1171 1567 1307 1621 Phil.
1331 1568 1410 1634 14,
1435 1569 1496 1620 15
1511 1567 1609 1634 ff.).
1650 1567 1900 1620 'Duabus
1940 1571 2120 1620 autem

179 1656 415 1719 tribusve
458 1657 601 1710 horis
622 1646 626 1651 ⁴
649 1661 767 1724 post
819 1658 1095 1730 victoriam
1144 1674 1257 1709 esse
1308 1659 1635 1723 reportatam
1686 1657 1988 1708 nuntiatum
2039 1659 2118 1708 est

181 1744 274 1813 (cf.
303 1744 410 1798 Cic.
443 1746 513 1798 ad
542 1746 687 1798 Brut.
720 1747 764 1809 1,
784 1747 831 1809 3,
852 1746 927 1812 2).
954 1771 1018 1780 —
1058 1745 1205 1808 Quae
1244 1759 1365 1796 cum
1403 1744 1478 1795 ita
1512 1744 1632 1807 sint,
1668 1744 1741 1795 sic
1778 1744 2120 1796 statuendum

180 1834 377 1898 iudic0‚
423 1837 482 1886 ut
521 1834 663 1900 prius
713 1834 839 1886 ill-ud
876 1835 1159 1901 proelium,
1210 1833 1355 1900 quod
1391 1832 1674 1884 Suetonius
1722 1835 2102 1884 commemorat

179 1922 235 1975 id
278 1921 627 1988 intellegatur,
678 1922 823 1988 quod
875 1923 945 1975 ad
985 1922 1330 1974 Scultennam
1379 1921 1576 1972 factum
1629 1922 1724 1983 est,
1774 1935 2000 1986 sequens
2045 1920 2116 1983 id,

181 2009 330 2078 quod
358 2010 427 2063 ad
453 2009 716 2064 Mutinam
739 2012 1078 2062 commissum
1099 2013 1193 2061 est.
1250 2009 1517 2072 Quoniam
1547 2007 1686 2058 enim
1715 2007 1976 2060 Antonius
2007 2024 2115 2060 non

179 2098 352 2162 affert,
380 2097 601 2149 ubinam
621 2099 764 2164 prius
782 2099 1038 2165 proelium
1057 2098 1258 2150 factum
1278 2097 1358 2160 sit,
1386 2096 1562 2163 putari
1579 2099 1752 2163 potest
1782 2100 1834 2147 et
1859 2096 2113 2162 proelium

179 2186 251 2240 ad
266 2185 463 2239 Forum
482 2185 755 2238 Gallorum
785 2189 838 2237 et
866 2187 936 2238 ad
962 2186 1304 2238 Scultennam
1342 2200 1465 2237 eum
1495 2184 1697 2236 dixisse.
1758 2183 1962 2247 Quibus
1988 2186 2112 2236 illud

179 2275 406 2339 videtur,
430 2274 504 2326 eis
520 2275 815 2326 Antonium
842 2275 1122 2343 mentitum
1147 2290 1259 2326 esse
1276 2273 1616 2325 statuendum
1644 2276 1738 2335 est,
1778 2274 1968 2339 quibus
1998 2276 2116 2340 hoc,

181 2365 229 2421 ei
247 2363 428 2417 omnia
450 2363 586 2416 inter
602 2378 659 2414 se
678 2378 968 2428 congruere
986 2363 1304 2427 intellegent.
1341 2360 1492 2424 Quae
1506 2361 1880 2413 Mommsenius
1898 2365 1940 2427 ¹)
1963 2364 2029 2415 de
2052 2382 2115 2418 ea

179 2469 240 2507 re
253 2452 486 2521 protulit,
511 2467 619 2504 non
638 2454 782 2503 recta
801 2467 911 2503 esse
928 2451 1058 2502 mihi
1081 2451 1354 2503 videntur:
1394 2449 1568 2502 »Alles
1591 2449 1699 2500 dies
1719 2450 1901 2503 deutet
1925 2453 2121 2505 darauf

179 2545 292 2610 hin,
329 2545 452 2598 dass
484 2543 653 2596 dieser
679 2543 891 2609 Angriff
923 2543 1019 2594 der
1045 2542 1376 2594 Antonianer
1408 2541 1504 2593 auf
1528 2542 1623 2593 das
1655 2541 1928 2593 teindliche
1948 2541 2118 2607 Lager

179 2633 309 2687 zwei
343 2631 493 2701 Tage
539 2633 782 2700 gewahrt
830 2632 947 2698 hat,
1003 2632 1116 2685 also
1160 2632 1257 2683 mit
1302 2632 1556 2698 gleichem
1591 2630 1763 2682 Recht
1799 2630 1918 2681 dem
1961 2630 2116 2682 14ten

162 2712 314 2779 ⁸odel·
371 2727 528 2779 15ten
562 2726 714 2793 April
763 2723 1169 2792 zugeschrieben
1221 2723 1436 2775 werden
1488 2722 1631 2774 kann
1682 2719 1792 2772 und
1841 2719 1938 2771 auf
1977 2718 2118 2769 diese

181 2818 358 2873 Weise
408 2817 493 2870 die
528 2805 929 2881 Uberlieferung
978 2815 1074 2866 mit
1110 2814 1364 2866 einander
1396 2811 1796 2878 auszugleichen
1834 2811 1913 2860 ist.
1986 2808 2115 2859 Dem

183 2908 478 2977 entspricht
511 2922 703 2960 unsere
722 2905 995 2968 Urkunde‚
1024 2920 1178 2956 wenn
1204 2904 1293 2970 sie,
1329 2903 1428 2954 wie
1452 2918 1506 2953 es
1531 2901 1748 2962 scheint,
1777 2900 1876 2951 den
1906 2899 2117 2962 (ersten)

181 2997 303 3064 Sieg
339 2995 560 3049 Gaesars
591 2995 704 3047 und
739 2994 822 3046 die
852 2997 990 3046 erste
1018 2992 1448 3061 imperatorische
1473 2989 1835 3043 Acclamation
1872 2986 1968 3038 auf
1993 2985 2117 3036 zwei

181 3085 344 3153 Tage,
372 3084 523 3137 ..nach
563 3084 685 3136 dem
723 3083 983 3149 Gesagten
1024 3083 1126 3134 den
1168 3083 1322 3133 14ten
1361 3080 1471 3132 und
1508 3079 1661 3131 15ten
1699 3076 1863 3144 April,
1899 3073 2116 3126 verteilt.

221 3173 406 3242 -'[Apr‚
435 3173 526 3226 14:
565 3173 638 3225 Eo
673 3173 756 3224 die
792 3171 988 3224 Caesar
1023 3172 1255 3238 primum
1292 3170 1431 3222 vicit.
1469 3166 1823 3235 SuppliJcatio
1860 3162 2118 3217 Victoriae

355 3262 641 3329 Augustae.

299 3381 345 3439 1)
374 3381 566 3427 Hermes
595 3381 723 3435 1882,
755 3395 799 3439 p.
829 3379 929 3426 636.
