2358 3892
1192 221 1251 271 12

249 378 298 427 in
339 376 706 427 historicorum
744 372 1063 424 Graecorum
1098 367 1401 433 fragmentis
1437 365 1516 429 111,
1544 383 1591 431 p.
1615 365 1888 419 427—456
1918 367 2058 421 edita
2089 372 2182 422 est.

251 465 394 516 Haec
427 464 718 527 fragmenta
757 458 919 510 divisa
955 459 1078 508 sunt
1114 457 1166 506 in
1204 458 1378 521 partes
1413 453 1671 521 quinque:

397 551 450 617 1)
500 567 613 616 cap.
650 548 839 600 1—12:
891 543 1121 597 Pueritia
1159 541 1434 595 Octaviani
1484 558 1655 609 usque
1691 543 1758 594 ad
1797 545 2031 611 tempuS,
2079 562 2185 613 quo

251 639 572 704 Carthagine
610 653 746 689 nova
784 637 895 686 erat
933 632 1007 700 (a.
1039 631 1141 697 45).
2104 645 2106 647 >

387 727 445 794 2)
498 743 612 794 cap.
648 725 873 778 13—-152
913 722 1189 774 Octaviani
1227 721 1278 772 in
1315 737 1512 773 nomen
1549 719 1910 788 familiamque
1945 719 2184 774 Caesaris

252 817 525 883 adoptatio
562 831 730 882 usque
767 814 835 864 ad
874 816 1098 878 tempUS,
1136 825 1243 877 quo
1279 810 1331 861 in
1368 809 1702 877 patriciatum
1739 812 1818 862 est
1853 813 2111 878 receptus

387 905 436 968 3)
490 920 603 970 cap.
634 902 858 954 16—18:
913 900 1034 951 inde
1087 898 1156 951 ab
1200 897 1497 950 Octaviani¹
1526 898 1704 950 itinere
1753 899 1805 950 in
1844 884 2183 966 Apolloniam

252 994 388 1044 facto
435 1009 604 1060 usque
652 992 718 1043 ad
770 990 993 1041 reditum
1045 990 1096 1039 in
1148 987 1348 1040 Italiam
1397 989 1449 1038 et
1495 987 1593 1039 iter
1629 987 1905 1040 Brundisio
1949 987 2182 1042 Romam

248 1082 531 1148 inceptum.

381 1171 434 1235 4)
469 1187 583 1237 cap.
620 1169 849 1222 19-9272
888 1167 1279 1220 Commentatio
1315 1166 1380 1217 de
1417 1165 1780 1218 coniuratione
1814 1166 1868 1218 in
1900 1165 2183 1219 Caesarem

252 1261 389 1311 sacta
430 1260 645 1326 eiusque
684 1258 1049 1310 trucidatione.
1144 1278 1155 1293 =

380 1347 439 1414 5)
485 1365 597 1415 cap.
628 1348 859 1400 28-31:
907 1345 1127 1398 Antonii
1165 1347 1216 1396 et
1252 1344 1526 1414 Octaviani
1565 1342 1956 1407 contentiones,
1993 1342 2184 1395 deinde

248 1442 534 1504 apparatus
569 1436 856 1489 Octaviani.
899 1463 962 1471 -

382 1526 716 1578 Iniusti'ssime
769 1528 945 1577 autem
984 1524 1266 1576 Schillerus
1318 1523 1346 1574 1.
1387 1539 1427 1574 c.
1468 1539 1517 1589 p.
1552 1521 1686 1572 5—(3
1731 1519 1947 1572 Nicolao
1981 1520 2186 1572 crimini

247 1616 364 1679 dat,
415 1615 556 1682 quod
605 1615 774 1667 solum
825 1614 894 1667 ad
944 1614 1162 1680 gloriam
1202 1611 1478 1665 Octaviani
1526 1609 1955 1677 amplificandam
1994 1609 2182 1662 librum

245 1704 386 1755 illum
439 1704 810 1771 composuerit.
884 1703 1025 1755 Licet
1072 1703 1209 1753 enim
1251 1700 1495 1754 Nicolaus
1529 1699 1669 1751 velut
1707 1699 1987 1766 pueritiam
2024 1697 2183 1751 Octa-

243 1793 381 1844 viani
431 1793 683 1844 eiusmodi
738 1793 1086 1859 descripserit,
1134 1795 1192 1842 ut
1241 1794 1427 1858 putare
1475 1788 1736 1856 possimus
1776 1788 2066 1840 mediocres
2102 1805 2184 1840 res

245 1883 396 1934 valde
434 1883 610 1949 augeri
648 1885 699 1934 et
738 1884 786 1934 in
824 1883 994 1933 maius
1026 1881 1251 1943 extendi,
1291 1884 1467 1931 tamen
1491 1895 1611 1930 eum
1644 1878 1708 1928 de
1734 1877 1991 1929 industria
2021 1877 2180 1930 fidem

245 1972 545 2023 historicam
604 1972 836 2023 fefellisse
892 1971 1036 2023 nullo
1084 1971 1242 2022 modo
1291 1969 1506 2021 concedi
1561 1971 1749 2035 potest.
1837 1966 2006 2018 Immo
2057 1982 2182 2018 vero

244 2077 562 2128 magnopere
601 2062 931 2113 aestimanda
969 2065 1107 2125 sunt,
1147 2044 1522 2127 quae'Nicolao
1558 2061 1776 2109 auctore
1814 2055 1879 2108 de
1915 2055 2014 2107 illis
2048 2058 2182 2108 tem-
2279 2109 2281 2111 ,

245 2149 454 2215 poribus
493 2151 683 2201 scimus
722 2150 813 2216 (cf.
835 2150 1090 2202 Schmidt.
1130 2150 1159 2200 l.
1189 2165 1231 2201 c.
1261 2166 1309 2215 p.
1333 2147 1479 2212 678).
1545 2147 1694 2198 Unus
1721 2162 1784 2197 ex
1811 2144 2056 2197 omnibus
2083 2144 2183 2196 illis

248 2255 420 2290 rerum
473 2239 812 2306 scriptoribus
862 2239 1106 2291 Nicolaus
1151 2231 1462 2291 accuratum
1513 2252 1688 2288 rerum
1737 2238 1854 2302 post
1901 2233 2179 2287 Caesarem

245 2331 508 2379 mortuum
574 2329 808 2380 ordinem
871 2329 1116 2396 praebet,
1181 2329 1246 2380 de
1295 2327 1486 2395 quibus
1535 2325 1748 2393 reliqui,
1809 2326 1863 2376 ut
1915 2323 2183 2391 praeclare

245 2417 583 2468 Drumannus
636 2417 676 2482 I,
730 2436 775 2485 p.
819 2419 909 2482 84,
962 2419 1012 2470 in
1064 2417 1424 2486 labyrinthum
1476 2416 1745 2484 quendam
1795 2429 2036 2466 errorum
2087 2430 2184 2465 nos

247 2506 600 2557 introducunt.
668 2508 820 2571 Quod
860 2512 978 2574 post
1015 2524 1129 2574 cap.
1153 2507 1216 2558 27
1256 2507 1454 2572 magna
1489 2505 1681 2557 lacuna
1716 2506 1809 2566 est,
1848 2519 1954 2555 non
1987 2501 2184 2554 Dama-

246 2611 416 2656 scenO,
454 2595 543 2646 sed
584 2598 871 2663 excerptori
909 2601 986 2649 est
1024 2597 1226 2648 crimini
1265 2595 1600 2647 vertendum.

382 2683 626 2747 Quonam
675 2689 852 2737 autem
901 2690 1136 2753 tempore
1181 2696 1321 2752 'opus
1375 2684 1440 2735 sit
1486 2683 1739 2749 scriptum
1790 2686 1844 2733 et
1891 2697 1955 2733 ex
1993 2681 2184 2748 quibus

246 2772 478 2823 fontibus
529 2773 592 2824 sit
629 2774 908 2838 haustum,
957 2793 1053 2842 pro
1094 2778 1235 2827 certo
1274 2774 1371 2825 dici
1411 2790 1518 2826 non
1556 2775 1744 2839 potest.
1814 2767 2030 2823 Frustra
2067 2787 2184 2823 am-

249 2860 415 2926 pliora
452 2861 668 2926 vestigia
707 2863 1026 2929 quaerimus,
1066 2864 1207 2914 unde
1245 2864 1502 2930 appareat
1538 2861 1904 2923 Plutarchum,
1943 2860 2182 2924 Dionem,

247 2950 550 3016 Appianum
608 2967 726 3001 usos
776 2968 887 3003 esse
937 2953 1039 3004 vita
1081 2952 1334 3004 Caesaris.
1406 2951 1667 3002 Pueritiae
1716 2952 1926 3001 tantum
1968 2949 2184 3002 historia

246 3038 475 3105 Appiani
510 3039 563 3101 3,
604 3040 774 3091 9-14
807 3041 1025 3093 fortasse
1066 3045 1282 3109 accepta
1320 3042 1544 3093 refertur
1580 3040 1812 3091 NicolaO.
1882 3038 2000 3091 Non
2041 3040 2184 3107 apud

250 3125 476 3178 Graecos
512 3126 624 3178 illos
661 3129 869 3195 quidem
903 3131 1176 3182 Nicolaum
1217 3131 1522 3198 reperimUS,
1559 3130 1649 3181 sed
1682 3128 1826 3195 apud
1855 3127 2184 3180 Suetonium.

250 3215 446 3278 Quodsi
493 3213 635 3268 Suet.
685 3216 832 3268 Caes.
871 3219 1071 3270 76-82
1125 3235 1243 3270 cum
1295 3219 1405 3271 Nic.
1445 3219 1594 3271 Dam.
1636 3216 1835 3270 19—926
1884 3216 2183 3280 contuleriS,

251 3320 504 3370 magnam
542 3305 930 3358 similitudinem
972 3324 1079 3358 esse
1116 3308 1396 3374 intelleges.
1469 3307 1631 3360 Multa
1670 3307 1809 3358 enim
1844 3305 2012 3369 facta,
2051 3321 2184 3374 quo-

250 3409 364 3444 rum
417 3396 465 3444 et
505 3393 785 3446 Suetonius
837 3399 887 3447 et
924 3396 1170 3448 Nicolaus
1206 3398 1531 3448 mentionem
1569 3396 1793 3456 faciunt,
1842 3395 1985 3462 apud
2020 3395 2180 3448 alium

254 3498 428 3533 rerum
469 3483 772 3549 scriptorem
812 3501 916 3535 non
955 3485 1292 3536 inveniuntur
1330 3486 1413 3551 (cf.
1450 3485 1799 3537 Schmidtium
1837 3483 1868 3536 1.
1901 3485 1984 3549 c.).
