<?xml version="1.0" encoding="UTF-8"?>
<!DOCTYPE html PUBLIC "-//W3C//DTD XHTML 1.0 Transitional//EN"
    "http://www.w3.org/TR/xhtml1/DTD/xhtml1-transitional.dtd">
<html xmlns="http://www.w3.org/1999/xhtml" xml:lang="en" lang="en">
 <head>
  <title>
</title>
<meta http-equiv="Content-Type" content="text/html;charset=utf-8" />
  <meta name='ocr-system' content='tesseract 3.04.00' />
  <meta name='ocr-capabilities' content='ocr_page ocr_carea ocr_par ocr_line ocrx_word'/>
</head>
<body>
  <div class='ocr_page' id='page_1' title='image "./quaestionescriti00hage_0032.png"; bbox 0 0 2358 3892; ppageno 0'>
   <div class='ocr_carea' id='block_1_1' title="bbox 1196 222 1262 275">
    <p class='ocr_par' dir='ltr' id='par_1_1' title="bbox 1196 222 1262 275">
     <span class='ocr_line' id='line_1_1' title="bbox 1196 222 1262 275; baseline -0.015 0"><span class='ocrx_word' id='word_1_1' title='bbox 1196 222 1262 275; x_wconf 64' lang='lat'>32</span> 
     </span>
    </p>
   </div>
   <div class='ocr_carea' id='block_1_2' title="bbox 248 375 2199 1333">
    <p class='ocr_par' dir='ltr' id='par_1_2' title="bbox 248 375 2199 1333">
     <span class='ocr_line' id='line_1_2' title="bbox 256 375 2198 447; baseline -0.004 -8"><span class='ocrx_word' id='word_1_2' title='bbox 256 384 518 439; x_wconf 81' lang='lat' dir='ltr'>subsecuti</span> <span class='ocrx_word' id='word_1_3' title='bbox 552 384 718 447; x_wconf 85' lang='lat' dir='ltr'>erant,</span> <span class='ocrx_word' id='word_1_4' title='bbox 754 379 987 434; x_wconf 87' lang='lat' dir='ltr'>conversi</span> <span class='ocrx_word' id='word_1_5' title='bbox 1023 393 1274 443; x_wconf 87' lang='lat' dir='ltr'>magnam</span> <span class='ocrx_word' id='word_1_6' title='bbox 1309 378 1550 443; x_wconf 85' lang='lat' dir='ltr'>stragem</span> <span class='ocrx_word' id='word_1_7' title='bbox 1570 376 1862 431; x_wconf 89' lang='lat' dir='ltr'>ediderunt.</span> <span class='ocrx_word' id='word_1_8' title='bbox 1900 375 2198 432; x_wconf 85' lang='lat' dir='ltr'>Vehemens</span> 
     </span>
     <span class='ocr_line' id='line_1_3' title="bbox 248 465 2189 538; baseline -0.003 -11"><span class='ocrx_word' id='word_1_9' title='bbox 248 475 491 527; x_wconf 85' lang='lat' dir='ltr'>coortum</span> <span class='ocrx_word' id='word_1_10' title='bbox 543 476 619 524; x_wconf 91' lang='lat' dir='ltr'>est</span> <span class='ocrx_word' id='word_1_11' title='bbox 657 469 943 538; x_wconf 87' lang='lat' dir='ltr'>proelium,</span> <span class='ocrx_word' id='word_1_12' title='bbox 994 466 1134 518; x_wconf 89' lang='lat' dir='ltr'>unde</span> <span class='ocrx_word' id='word_1_13' title='bbox 1172 465 1412 532; x_wconf 83' lang='lat' dir='ltr'>superior</span> <span class='ocrx_word' id='word_1_14' title='bbox 1446 465 1679 518; x_wconf 83' lang='lat' dir='ltr'>discessit</span> <span class='ocrx_word' id='word_1_15' title='bbox 1714 466 1991 520; x_wconf 76' lang='lat' dir='ltr'>Antonius,</span> <span class='ocrx_word' id='word_1_16' title='bbox 2067 467 2189 532; x_wconf 88' lang='lat' dir='ltr'>Qua</span> 
     </span>
     <span class='ocr_line' id='line_1_4' title="bbox 251 553 2191 623; baseline -0.003 -8"><span class='ocrx_word' id='word_1_17' title='bbox 251 579 307 615; x_wconf 90' lang='lat' dir='ltr'>re</span> <span class='ocrx_word' id='word_1_18' title='bbox 355 561 509 614; x_wconf 90' lang='lat' dir='ltr'>valde</span> <span class='ocrx_word' id='word_1_19' title='bbox 554 560 732 612; x_wconf 91' lang='lat' dir='ltr'>animo</span> <span class='ocrx_word' id='word_1_20' title='bbox 770 559 983 618; x_wconf 89' lang='lat' dir='ltr'>auctus,</span> <span class='ocrx_word' id='word_1_21' title='bbox 1033 570 1155 605; x_wconf 86' lang='lat' dir='ltr'>curn</span> <span class='ocrx_word' id='word_1_22' title='bbox 1191 553 1424 607; x_wconf 79' lang='lat' dir='ltr'>Pansam</span> <span class='ocrx_word' id='word_1_23' title='bbox 1462 553 1896 621; x_wconf 90' lang='lat' dir='ltr'>appropinquare</span> <span class='ocrx_word' id='word_1_24' title='bbox 1931 556 2191 623; x_wconf 85' lang='lat' dir='ltr'>sensisset,</span> 
     </span>
     <span class='ocr_line' id='line_1_5' title="bbox 255 641 2194 711; baseline -0.002 -9"><span class='ocrx_word' id='word_1_25' title='bbox 255 650 486 702; x_wconf 90' lang='lat' dir='ltr'>hostium</span> <span class='ocrx_word' id='word_1_26' title='bbox 526 651 698 700; x_wconf 89' lang='lat' dir='ltr'>castra</span> <span class='ocrx_word' id='word_1_27' title='bbox 737 659 1011 710; x_wconf 81' lang='lat' dir='ltr'>aggressus</span> <span class='ocrx_word' id='word_1_28' title='bbox 1051 646 1156 705; x_wconf 90' lang='lat' dir='ltr'>est,</span> <span class='ocrx_word' id='word_1_29' title='bbox 1194 658 1436 709; x_wconf 80' lang='lat' dir='ltr'>speranS,</span> <span class='ocrx_word' id='word_1_30' title='bbox 1474 641 1516 695; x_wconf 92' lang='lat' dir='ltr'>si</span> <span class='ocrx_word' id='word_1_31' title='bbox 1554 658 1616 694; x_wconf 89' lang='lat' dir='ltr'>ea</span> <span class='ocrx_word' id='word_1_32' title='bbox 1653 645 1812 695; x_wconf 91' lang='lat' dir='ltr'>antea</span> <span class='ocrx_word' id='word_1_33' title='bbox 1847 644 2094 711; x_wconf 80' lang='lat' dir='ltr'>cepisset,</span> <span class='ocrx_word' id='word_1_34' title='bbox 2131 661 2194 698; x_wconf 90' lang='lat' dir='ltr'>eo</span> 
     </span>
     <span class='ocr_line' id='line_1_6' title="bbox 251 731 2195 799; baseline -0.002 -8"><span class='ocrx_word' id='word_1_35' title='bbox 251 739 450 791; x_wconf 75' lang='lat' dir='ltr'>facilius</span> <span class='ocrx_word' id='word_1_36' title='bbox 501 755 555 788; x_wconf 93' lang='lat' dir='ltr'>se</span> <span class='ocrx_word' id='word_1_37' title='bbox 603 751 711 787; x_wconf 89' lang='lat' dir='ltr'>rem</span> <span class='ocrx_word' id='word_1_38' title='bbox 759 736 923 785; x_wconf 86' lang='lat' dir='ltr'>totam</span> <span class='ocrx_word' id='word_1_39' title='bbox 973 732 1331 784; x_wconf 88' lang='lat' dir='ltr'>confecturum</span> <span class='ocrx_word' id='word_1_40' title='bbox 1372 747 1499 784; x_wconf 91' lang='lat' dir='ltr'>esse.</span> <span class='ocrx_word' id='word_1_41' title='bbox 1573 731 1791 799; x_wconf 91' lang='lat' dir='ltr'>Itaque,</span> <span class='ocrx_word' id='word_1_42' title='bbox 1839 747 1964 786; x_wconf 90' lang='lat' dir='ltr'>cum</span> <span class='ocrx_word' id='word_1_43' title='bbox 1999 731 2195 787; x_wconf 87' lang='lat' dir='ltr'>Caesar</span> 
     </span>
     <span class='ocr_line' id='line_1_7' title="bbox 251 819 2191 893; baseline -0.003 -14"><span class='ocrx_word' id='word_1_44' title='bbox 251 827 556 893; x_wconf 82' lang='lat' dir='ltr'>Hirtiusque</span> <span class='ocrx_word' id='word_1_45' title='bbox 608 826 659 876; x_wconf 91' lang='lat' dir='ltr'>et</span> <span class='ocrx_word' id='word_1_46' title='bbox 693 837 952 874; x_wconf 86' lang='lat' dir='ltr'>memores</span> <span class='ocrx_word' id='word_1_47' title='bbox 989 819 1150 872; x_wconf 89' lang='lat' dir='ltr'>cladis</span> <span class='ocrx_word' id='word_1_48' title='bbox 1185 820 1345 872; x_wconf 91' lang='lat' dir='ltr'>modo</span> <span class='ocrx_word' id='word_1_49' title='bbox 1382 823 1629 888; x_wconf 82' lang='lat' dir='ltr'>acceptae</span> <span class='ocrx_word' id='word_1_50' title='bbox 1665 822 1718 872; x_wconf 88' lang='lat' dir='ltr'>et</span> <span class='ocrx_word' id='word_1_51' title='bbox 1753 823 2028 887; x_wconf 86' lang='lat' dir='ltr'>sperantes</span> <span class='ocrx_word' id='word_1_52' title='bbox 2062 820 2191 885; x_wconf 82' lang='lat' dir='ltr'>fore,</span> 
     </span>
     <span class='ocr_line' id='line_1_8' title="bbox 255 907 2196 978; baseline -0.002 -11"><span class='ocrx_word' id='word_1_53' title='bbox 255 919 313 967; x_wconf 90' lang='lat' dir='ltr'>ut</span> <span class='ocrx_word' id='word_1_54' title='bbox 355 916 536 967; x_wconf 87' lang='lat' dir='ltr'>Pansa</span> <span class='ocrx_word' id='word_1_55' title='bbox 584 911 820 963; x_wconf 89' lang='lat' dir='ltr'>Bononia</span> <span class='ocrx_word' id='word_1_56' title='bbox 874 909 971 960; x_wconf 90' lang='lat' dir='ltr'>sibi</span> <span class='ocrx_word' id='word_1_57' title='bbox 1021 907 1353 971; x_wconf 75' lang='lat' dir='ltr'>subveniret,</span> <span class='ocrx_word' id='word_1_58' title='bbox 1400 910 1582 963; x_wconf 89' lang='lat' dir='ltr'>castris</span> <span class='ocrx_word' id='word_1_59' title='bbox 1629 926 1684 961; x_wconf 92' lang='lat' dir='ltr'>se</span> <span class='ocrx_word' id='word_1_60' title='bbox 1736 913 1978 963; x_wconf 88' lang='lat' dir='ltr'>tenerent</span> <span class='ocrx_word' id='word_1_61' title='bbox 2027 925 2196 978; x_wconf 88' lang='lat' dir='ltr'>eaque</span> 
     </span>
     <span class='ocr_line' id='line_1_9' title="bbox 253 997 2198 1066; baseline -0.003 -10"><span class='ocrx_word' id='word_1_62' title='bbox 253 1003 600 1063; x_wconf 82' lang='lat' dir='ltr'>custodirent,</span> <span class='ocrx_word' id='word_1_63' title='bbox 648 998 912 1051; x_wconf 89' lang='lat' dir='ltr'>Antonius</span> <span class='ocrx_word' id='word_1_64' title='bbox 964 999 1168 1064; x_wconf 89' lang='lat' dir='ltr'>partem</span> <span class='ocrx_word' id='word_1_65' title='bbox 1210 997 1483 1063; x_wconf 88' lang='lat' dir='ltr'>copiarum</span> <span class='ocrx_word' id='word_1_66' title='bbox 1522 997 1592 1050; x_wconf 89' lang='lat' dir='ltr'>ad</span> <span class='ocrx_word' id='word_1_67' title='bbox 1629 998 1859 1051; x_wconf 90' lang='lat' dir='ltr'>hostium</span> <span class='ocrx_word' id='word_1_68' title='bbox 1898 1002 2068 1050; x_wconf 88' lang='lat' dir='ltr'>castra</span> <span class='ocrx_word' id='word_1_69' title='bbox 2105 1015 2198 1066; x_wconf 93' lang='lat' dir='ltr'>op-</span> 
     </span>
     <span class='ocr_line' id='line_1_10' title="bbox 255 1085 2198 1160; baseline -0.003 -16"><span class='ocrx_word' id='word_1_70' title='bbox 255 1090 544 1160; x_wconf 85' lang='lat' dir='ltr'>pugnanda</span> <span class='ocrx_word' id='word_1_71' title='bbox 593 1087 826 1153; x_wconf 88' lang='lat' dir='ltr'>reliquit,</span> <span class='ocrx_word' id='word_1_72' title='bbox 883 1087 966 1148; x_wconf 85' lang='lat' dir='ltr'>et,</span> <span class='ocrx_word' id='word_1_73' title='bbox 1019 1087 1078 1136; x_wconf 89' lang='lat' dir='ltr'>ut</span> <span class='ocrx_word' id='word_1_74' title='bbox 1129 1085 1239 1151; x_wconf 89' lang='lat' dir='ltr'>ipse</span> <span class='ocrx_word' id='word_1_75' title='bbox 1290 1086 1508 1138; x_wconf 90' lang='lat' dir='ltr'>omnino</span> <span class='ocrx_word' id='word_1_76' title='bbox 1563 1102 1619 1137; x_wconf 89' lang='lat' dir='ltr'>se</span> <span class='ocrx_word' id='word_1_77' title='bbox 1668 1086 1852 1138; x_wconf 87' lang='lat' dir='ltr'>adesse</span> <span class='ocrx_word' id='word_1_78' title='bbox 1909 1087 2198 1151; x_wconf 86' lang='lat' dir='ltr'>simularet,</span> 
     </span>
     <span class='ocr_line' id='line_1_11' title="bbox 254 1173 2195 1246; baseline -0.002 -15"><span class='ocrx_word' id='word_1_79' title='bbox 254 1180 464 1241; x_wconf 78' lang='lat' dir='ltr'>verituS,</span> <span class='ocrx_word' id='word_1_80' title='bbox 502 1193 568 1228; x_wconf 91' lang='lat' dir='ltr'>ne</span> <span class='ocrx_word' id='word_1_81' title='bbox 604 1192 635 1227; x_wconf 90' lang='lat' dir='ltr'>a</span> <span class='ocrx_word' id='word_1_82' title='bbox 672 1178 821 1239; x_wconf 86' lang='lat' dir='ltr'>tergo</span> <span class='ocrx_word' id='word_1_83' title='bbox 858 1173 1339 1236; x_wconf 83' lang='lat' dir='ltr'>circumveniretur,</span> <span class='ocrx_word' id='word_1_84' title='bbox 1377 1173 1511 1226; x_wconf 87' lang='lat' dir='ltr'>clam</span> <span class='ocrx_word' id='word_1_85' title='bbox 1551 1176 1704 1226; x_wconf 90' lang='lat' dir='ltr'>nocte</span> <span class='ocrx_word' id='word_1_86' title='bbox 1740 1174 1946 1246; x_wconf 82' lang='lat' dir='ltr'>Pansae</span> <span class='ocrx_word' id='word_1_87' title='bbox 1984 1175 2195 1228; x_wconf 90' lang='lat' dir='ltr'>obviam</span> 
     </span>
     <span class='ocr_line' id='line_1_12' title="bbox 249 1261 2199 1333; baseline -0.002 -14"><span class='ocrx_word' id='word_1_88' title='bbox 249 1268 374 1329; x_wconf 84' lang='lat' dir='ltr'>ivit,</span> <span class='ocrx_word' id='word_1_89' title='bbox 430 1266 520 1333; x_wconf 87' lang='lat' dir='ltr'>qui</span> <span class='ocrx_word' id='word_1_90' title='bbox 566 1266 680 1315; x_wconf 91' lang='lat' dir='ltr'>tum</span> <span class='ocrx_word' id='word_1_91' title='bbox 735 1278 767 1314; x_wconf 90' lang='lat' dir='ltr'>a</span> <span class='ocrx_word' id='word_1_92' title='bbox 814 1262 1056 1314; x_wconf 90' lang='lat' dir='ltr'>Bononia</span> <span class='ocrx_word' id='word_1_93' title='bbox 1107 1261 1449 1316; x_wconf 84' lang='lat' dir='ltr'>adventabat.</span> <span class='ocrx_word' id='word_1_94' title='bbox 1534 1261 1759 1316; x_wconf 90' lang='lat' dir='ltr'>Obviam</span> <span class='ocrx_word' id='word_1_95' title='bbox 1813 1263 1860 1314; x_wconf 92' lang='lat' dir='ltr'>ei</span> <span class='ocrx_word' id='word_1_96' title='bbox 1903 1263 2072 1316; x_wconf 85' lang='lat' dir='ltr'>factus</span> <span class='ocrx_word' id='word_1_97' title='bbox 2122 1268 2199 1316; x_wconf 90' lang='lat' dir='ltr'>est</span> 
     </span>
    </p>
   </div>
   <div class='ocr_carea' id='block_1_3' title="bbox 256 1350 2202 1504">
    <p class='ocr_par' dir='ltr' id='par_1_3' title="bbox 256 1350 2202 1504">
     <span class='ocr_line' id='line_1_13' title="bbox 256 1350 2202 1422; baseline -0.001 -15"><span class='ocrx_word' id='word_1_98' title='bbox 256 1354 398 1422; x_wconf 87' lang='lat' dir='ltr'>apud</span> <span class='ocrx_word' id='word_1_99' title='bbox 424 1353 616 1406; x_wconf 88' lang='lat' dir='ltr'>Forum</span> <span class='ocrx_word' id='word_1_100' title='bbox 645 1350 932 1413; x_wconf 83' lang='lat' dir='ltr'>Gallorum,</span> <span class='ocrx_word' id='word_1_101' title='bbox 973 1352 1086 1402; x_wconf 89' lang='lat' dir='ltr'>erat</span> <span class='ocrx_word' id='word_1_102' title='bbox 1122 1350 1165 1401; x_wconf 91' lang='lat' dir='ltr'>is</span> <span class='ocrx_word' id='word_1_103' title='bbox 1200 1350 1343 1402; x_wconf 85' lang='lat' dir='ltr'>locus</span> <span class='ocrx_word' id='word_1_104' title='bbox 1378 1352 1511 1404; x_wconf 90' lang='lat' dir='ltr'>inter</span> <span class='ocrx_word' id='word_1_105' title='bbox 1539 1351 1837 1404; x_wconf 88' lang='lat' dir='ltr'>Bononiam</span> <span class='ocrx_word' id='word_1_106' title='bbox 1867 1354 1919 1404; x_wconf 89' lang='lat' dir='ltr'>et</span> <span class='ocrx_word' id='word_1_107' title='bbox 1942 1351 2202 1408; x_wconf 87' lang='lat' dir='ltr'>Mutinam</span> 
     </span>
     <span class='ocr_line' id='line_1_14' title="bbox 261 1432 1751 1504; baseline -0.001 -16"><span class='ocrx_word' id='word_1_108' title='bbox 261 1453 425 1504; x_wconf 87' lang='lat' dir='ltr'>prope</span> <span class='ocrx_word' id='word_1_109' title='bbox 464 1434 750 1501; x_wconf 82' lang='lat' dir='ltr'>angustias,</span> <span class='ocrx_word' id='word_1_110' title='bbox 787 1449 926 1500; x_wconf 91' lang='lat' dir='ltr'>quae</span> <span class='ocrx_word' id='word_1_111' title='bbox 961 1432 1171 1484; x_wconf 90' lang='lat' dir='ltr'>Pansae</span> <span class='ocrx_word' id='word_1_112' title='bbox 1209 1436 1360 1484; x_wconf 83' lang='lat' dir='ltr'>erant</span> <span class='ocrx_word' id='word_1_113' title='bbox 1398 1434 1751 1501; x_wconf 88' lang='lat' dir='ltr'>superandae.</span> 
     </span>
    </p>
   </div>
   <div class='ocr_carea' id='block_1_4' title="bbox 252 1521 2210 3274">
    <p class='ocr_par' dir='ltr' id='par_1_4' title="bbox 252 1521 2210 3274">
     <span class='ocr_line' id='line_1_15' title="bbox 395 1521 2204 1592; baseline -0.001 -15"><span class='ocrx_word' id='word_1_114' title='bbox 395 1525 504 1577; x_wconf 89' lang='lat' dir='ltr'>Iam</span> <span class='ocrx_word' id='word_1_115' title='bbox 553 1539 679 1575; x_wconf 88' lang='lat' dir='ltr'>vero</span> <span class='ocrx_word' id='word_1_116' title='bbox 731 1523 783 1574; x_wconf 91' lang='lat' dir='ltr'>in</span> <span class='ocrx_word' id='word_1_117' title='bbox 833 1538 1102 1574; x_wconf 87' lang='lat' dir='ltr'>summum</span> <span class='ocrx_word' id='word_1_118' title='bbox 1156 1521 1434 1574; x_wconf 87' lang='lat' dir='ltr'>discrimen</span> <span class='ocrx_word' id='word_1_119' title='bbox 1485 1539 1566 1574; x_wconf 89' lang='lat' dir='ltr'>res</span> <span class='ocrx_word' id='word_1_120' title='bbox 1621 1526 1699 1575; x_wconf 90' lang='lat' dir='ltr'>est</span> <span class='ocrx_word' id='word_1_121' title='bbox 1757 1523 1990 1576; x_wconf 90' lang='lat' dir='ltr'>adducta</span> <span class='ocrx_word' id='word_1_122' title='bbox 2041 1525 2204 1592; x_wconf 91' lang='lat' dir='ltr'>atque</span> 
     </span>
     <span class='ocr_line' id='line_1_16' title="bbox 267 1610 2203 1679; baseline -0.002 -12"><span class='ocrx_word' id='word_1_123' title='bbox 267 1632 314 1668; x_wconf 91' lang='lat' dir='ltr'>a.</span> <span class='ocrx_word' id='word_1_124' title='bbox 336 1614 384 1665; x_wconf 92' lang='lat' dir='ltr'>d.</span> <span class='ocrx_word' id='word_1_125' title='bbox 407 1612 557 1665; x_wconf 90' lang='lat' dir='ltr'>XVII.</span> <span class='ocrx_word' id='word_1_126' title='bbox 578 1612 693 1664; x_wconf 85' lang='lat' dir='ltr'>Kal.</span> <span class='ocrx_word' id='word_1_127' title='bbox 711 1610 876 1663; x_wconf 88' lang='lat' dir='ltr'>Maias</span> <span class='ocrx_word' id='word_1_128' title='bbox 904 1611 1045 1678; x_wconf 85' lang='lat' dir='ltr'>apud</span> <span class='ocrx_word' id='word_1_129' title='bbox 1072 1610 1264 1663; x_wconf 89' lang='lat' dir='ltr'>Forum</span> <span class='ocrx_word' id='word_1_130' title='bbox 1290 1610 1561 1664; x_wconf 87' lang='lat' dir='ltr'>Gallorum</span> <span class='ocrx_word' id='word_1_131' title='bbox 1594 1612 1851 1679; x_wconf 86' lang='lat' dir='ltr'>proelium</span> <span class='ocrx_word' id='word_1_132' title='bbox 1881 1612 2081 1667; x_wconf 83' lang='lat' dir='ltr'>factum</span> <span class='ocrx_word' id='word_1_133' title='bbox 2111 1615 2203 1664; x_wconf 88' lang='lat' dir='ltr'>est.</span> 
     </span>
     <span class='ocr_line' id='line_1_17' title="bbox 258 1699 2201 1769; baseline -0.001 -14"><span class='ocrx_word' id='word_1_134' title='bbox 258 1702 468 1769; x_wconf 83' lang='lat' dir='ltr'>Optime</span> <span class='ocrx_word' id='word_1_135' title='bbox 505 1699 571 1752; x_wconf 92' lang='lat' dir='ltr'>de</span> <span class='ocrx_word' id='word_1_136' title='bbox 607 1700 681 1751; x_wconf 91' lang='lat' dir='ltr'>eis</span> <span class='ocrx_word' id='word_1_137' title='bbox 718 1699 893 1762; x_wconf 78' lang='lat' dir='ltr'>rebUS,</span> <span class='ocrx_word' id='word_1_138' title='bbox 931 1715 1070 1767; x_wconf 86' lang='lat' dir='ltr'>quae</span> <span class='ocrx_word' id='word_1_139' title='bbox 1108 1699 1195 1750; x_wconf 90' lang='lat' dir='ltr'>illo</span> <span class='ocrx_word' id='word_1_140' title='bbox 1233 1699 1318 1750; x_wconf 90' lang='lat' dir='ltr'>die</span> <span class='ocrx_word' id='word_1_141' title='bbox 1352 1702 1530 1764; x_wconf 84' lang='lat' dir='ltr'>gestae</span> <span class='ocrx_word' id='word_1_142' title='bbox 1555 1703 1695 1764; x_wconf 89' lang='lat' dir='ltr'>sunt,</span> <span class='ocrx_word' id='word_1_143' title='bbox 1733 1701 1978 1753; x_wconf 85' lang='lat' dir='ltr'>certiores</span> <span class='ocrx_word' id='word_1_144' title='bbox 2016 1715 2201 1754; x_wconf 86' lang='lat' dir='ltr'>sumus</span> 
     </span>
     <span class='ocr_line' id='line_1_18' title="bbox 255 1786 2202 1857; baseline -0.002 -15"><span class='ocrx_word' id='word_1_145' title='bbox 255 1792 375 1843; x_wconf 87' lang='lat' dir='ltr'>facti</span> <span class='ocrx_word' id='word_1_146' title='bbox 427 1789 648 1857; x_wconf 87' lang='lat' dir='ltr'>epistula</span> <span class='ocrx_word' id='word_1_147' title='bbox 693 1805 780 1850; x_wconf 86' lang='lat' dir='ltr'>ea,</span> <span class='ocrx_word' id='word_1_148' title='bbox 832 1804 993 1855; x_wconf 91' lang='lat' dir='ltr'>quam</span> <span class='ocrx_word' id='word_1_149' title='bbox 1042 1787 1187 1839; x_wconf 88' lang='lat' dir='ltr'>Serv.</span> <span class='ocrx_word' id='word_1_150' title='bbox 1223 1787 1484 1854; x_wconf 86' lang='lat' dir='ltr'>Sulpicius</span> <span class='ocrx_word' id='word_1_151' title='bbox 1536 1788 1706 1842; x_wconf 89' lang='lat' dir='ltr'>Galba</span> <span class='ocrx_word' id='word_1_152' title='bbox 1761 1806 1809 1842; x_wconf 89' lang='lat' dir='ltr'>a.</span> <span class='ocrx_word' id='word_1_153' title='bbox 1850 1789 1901 1842; x_wconf 89' lang='lat' dir='ltr'>d.</span> <span class='ocrx_word' id='word_1_154' title='bbox 1941 1786 2049 1844; x_wconf 88' lang='lat' dir='ltr'>XII.</span> <span class='ocrx_word' id='word_1_155' title='bbox 2090 1788 2202 1844; x_wconf 82' lang='lat' dir='ltr'>Kal.</span> 
     </span>
     <span class='ocr_line' id='line_1_19' title="bbox 252 1875 2202 1932; baseline -0.001 0"><span class='ocrx_word' id='word_1_156' title='bbox 252 1879 417 1932; x_wconf 88' lang='lat' dir='ltr'>Maias</span> <span class='ocrx_word' id='word_1_157' title='bbox 477 1895 541 1931; x_wconf 88' lang='lat' dir='ltr'>ex</span> <span class='ocrx_word' id='word_1_158' title='bbox 609 1878 790 1930; x_wconf 89' lang='lat' dir='ltr'>castris</span> <span class='ocrx_word' id='word_1_159' title='bbox 851 1877 921 1929; x_wconf 91' lang='lat' dir='ltr'>ad</span> <span class='ocrx_word' id='word_1_160' title='bbox 981 1875 1264 1929; x_wconf 89' lang='lat' dir='ltr'>Caesarem</span> <span class='ocrx_word' id='word_1_161' title='bbox 1326 1877 1476 1929; x_wconf 89' lang='lat' dir='ltr'>misit.</span> <span class='ocrx_word' id='word_1_162' title='bbox 1562 1877 1732 1930; x_wconf 89' lang='lat' dir='ltr'>Galba</span> <span class='ocrx_word' id='word_1_163' title='bbox 1785 1878 1926 1931; x_wconf 88' lang='lat' dir='ltr'>enim</span> <span class='ocrx_word' id='word_1_164' title='bbox 1976 1877 2202 1932; x_wconf 85' lang='lat' dir='ltr'>Caesare</span> 
     </span>
     <span class='ocr_line' id='line_1_20' title="bbox 256 1966 2199 2035; baseline -0.001 -15"><span class='ocrx_word' id='word_1_165' title='bbox 256 1971 387 2021; x_wconf 87' lang='lat' dir='ltr'>duce</span> <span class='ocrx_word' id='word_1_166' title='bbox 460 1971 513 2020; x_wconf 92' lang='lat' dir='ltr'>in</span> <span class='ocrx_word' id='word_1_167' title='bbox 575 1966 742 2019; x_wconf 87' lang='lat' dir='ltr'>Gallia</span> <span class='ocrx_word' id='word_1_168' title='bbox 810 1966 1015 2032; x_wconf 87' lang='lat' dir='ltr'>legatus</span> <span class='ocrx_word' id='word_1_169' title='bbox 1092 1966 1356 2033; x_wconf 88' lang='lat' dir='ltr'>stipendia</span> <span class='ocrx_word' id='word_1_170' title='bbox 1429 1969 1722 2030; x_wconf 86' lang='lat' dir='ltr'>meruerat,</span> <span class='ocrx_word' id='word_1_171' title='bbox 1797 1969 2007 2035; x_wconf 90' lang='lat' dir='ltr'>postea,</span> <span class='ocrx_word' id='word_1_172' title='bbox 2077 1982 2199 2019; x_wconf 87' lang='lat' dir='ltr'>cum</span> 
     </span>
     <span class='ocr_line' id='line_1_21' title="bbox 255 2053 2203 2122; baseline -0.001 -13"><span class='ocrx_word' id='word_1_173' title='bbox 255 2058 306 2109; x_wconf 91' lang='lat' dir='ltr'>in</span> <span class='ocrx_word' id='word_1_174' title='bbox 381 2055 658 2109; x_wconf 88' lang='lat' dir='ltr'>consulatu</span> <span class='ocrx_word' id='word_1_175' title='bbox 731 2054 964 2122; x_wconf 91' lang='lat' dir='ltr'>petendo</span> <span class='ocrx_word' id='word_1_176' title='bbox 1035 2053 1305 2122; x_wconf 89' lang='lat' dir='ltr'>repulsam</span> <span class='ocrx_word' id='word_1_177' title='bbox 1377 2054 1610 2118; x_wconf 86' lang='lat' dir='ltr'>tulisset,</span> <span class='ocrx_word' id='word_1_178' title='bbox 1683 2055 2064 2113; x_wconf 86' lang='lat' dir='ltr'>coniurationis</span> <span class='ocrx_word' id='word_1_179' title='bbox 2137 2055 2203 2108; x_wconf 91' lang='lat' dir='ltr'>de</span> 
     </span>
     <span class='ocr_line' id='line_1_22' title="bbox 256 2142 2202 2210; baseline -0.001 -13"><span class='ocrx_word' id='word_1_180' title='bbox 256 2144 479 2198; x_wconf 86' lang='lat' dir='ltr'>Caesare</span> <span class='ocrx_word' id='word_1_181' title='bbox 527 2144 771 2196; x_wconf 89' lang='lat' dir='ltr'>necando</span> <span class='ocrx_word' id='word_1_182' title='bbox 820 2143 1084 2210; x_wconf 89' lang='lat' dir='ltr'>particeps</span> <span class='ocrx_word' id='word_1_183' title='bbox 1135 2142 1305 2195; x_wconf 87' lang='lat' dir='ltr'>factus</span> <span class='ocrx_word' id='word_1_184' title='bbox 1355 2145 1446 2195; x_wconf 88' lang='lat' dir='ltr'>est.</span> <span class='ocrx_word' id='word_1_185' title='bbox 1519 2143 1605 2195; x_wconf 89' lang='lat' dir='ltr'>Sic</span> <span class='ocrx_word' id='word_1_186' title='bbox 1632 2144 1789 2196; x_wconf 65' lang='lat' dir='ltr'>&gt;enim</span> <span class='ocrx_word' id='word_1_187' title='bbox 1840 2143 2104 2197; x_wconf 88' lang='lat' dir='ltr'>Antonius</span> <span class='ocrx_word' id='word_1_188' title='bbox 2149 2143 2202 2195; x_wconf 88' lang='lat' dir='ltr'>in</span> 
     </span>
     <span class='ocr_line' id='line_1_23' title="bbox 256 2229 2206 2300; baseline -0.002 -14"><span class='ocrx_word' id='word_1_189' title='bbox 256 2234 468 2297; x_wconf 81' lang='lat' dir='ltr'>litteris,</span> <span class='ocrx_word' id='word_1_190' title='bbox 518 2249 652 2300; x_wconf 91' lang='lat' dir='ltr'>quas</span> <span class='ocrx_word' id='word_1_191' title='bbox 688 2232 756 2284; x_wconf 89' lang='lat' dir='ltr'>ad</span> <span class='ocrx_word' id='word_1_192' title='bbox 793 2231 1023 2284; x_wconf 90' lang='lat' dir='ltr'>Hirtium</span> <span class='ocrx_word' id='word_1_193' title='bbox 1065 2234 1118 2284; x_wconf 89' lang='lat' dir='ltr'>et</span> <span class='ocrx_word' id='word_1_194' title='bbox 1153 2229 1506 2284; x_wconf 78' lang='lat' dir='ltr'>Octavianum</span> <span class='ocrx_word' id='word_1_195' title='bbox 1545 2232 1719 2296; x_wconf 88' lang='lat' dir='ltr'>dedit,</span> <span class='ocrx_word' id='word_1_196' title='bbox 1769 2231 1835 2284; x_wconf 90' lang='lat' dir='ltr'>de</span> <span class='ocrx_word' id='word_1_197' title='bbox 1871 2247 1935 2285; x_wconf 90' lang='lat' dir='ltr'>eo</span> <span class='ocrx_word' id='word_1_198' title='bbox 1973 2231 2206 2299; x_wconf 87' lang='lat' dir='ltr'>scripsit:</span> 
     </span>
     <span class='ocr_line' id='line_1_24' title="bbox 258 2319 2202 2387; baseline 0.001 -17"><span class='ocrx_word' id='word_1_199' title='bbox 258 2322 399 2375; x_wconf 60' lang='lat' dir='ltr'>»Seu</span> <span class='ocrx_word' id='word_1_200' title='bbox 451 2321 672 2374; x_wconf 88' lang='lat' dir='ltr'>Galbam</span> <span class='ocrx_word' id='word_1_201' title='bbox 739 2320 926 2374; x_wconf 89' lang='lat' dir='ltr'>eodem</span> <span class='ocrx_word' id='word_1_202' title='bbox 977 2320 1208 2387; x_wconf 87' lang='lat' dir='ltr'>pugione</span> <span class='ocrx_word' id='word_1_203' title='bbox 1255 2320 1578 2372; x_wconf 89' lang='lat' dir='ltr'>succinctum</span> <span class='ocrx_word' id='word_1_204' title='bbox 1630 2320 1682 2372; x_wconf 92' lang='lat' dir='ltr'>in</span> <span class='ocrx_word' id='word_1_205' title='bbox 1734 2320 1918 2374; x_wconf 88' lang='lat' dir='ltr'>castris</span> <span class='ocrx_word' id='word_1_206' title='bbox 1967 2319 2202 2373; x_wconf 79' lang='lat' dir='ltr'>videtis«.</span> 
     </span>
     <span class='ocr_line' id='line_1_25' title="bbox 254 2407 2204 2478; baseline -0.002 -14"><span class='ocrx_word' id='word_1_207' title='bbox 254 2410 596 2478; x_wconf 84' lang='lat' dir='ltr'>Quamquam</span> <span class='ocrx_word' id='word_1_208' title='bbox 627 2408 808 2462; x_wconf 89' lang='lat' dir='ltr'>Cicero</span> <span class='ocrx_word' id='word_1_209' title='bbox 845 2407 1010 2475; x_wconf 85' lang='lat' dir='ltr'>(Phil.</span> <span class='ocrx_word' id='word_1_210' title='bbox 1038 2409 1120 2473; x_wconf 86' lang='lat'>13,</span> <span class='ocrx_word' id='word_1_211' title='bbox 1138 2407 1233 2472; x_wconf 82' lang='lat'>33)</span> <span class='ocrx_word' id='word_1_212' title='bbox 1271 2408 1404 2460; x_wconf 88' lang='lat' dir='ltr'>falso</span> <span class='ocrx_word' id='word_1_213' title='bbox 1441 2408 1492 2460; x_wconf 92' lang='lat' dir='ltr'>id</span> <span class='ocrx_word' id='word_1_214' title='bbox 1525 2408 1727 2461; x_wconf 86' lang='lat' dir='ltr'>Galbae</span> <span class='ocrx_word' id='word_1_215' title='bbox 1765 2409 1968 2462; x_wconf 88' lang='lat' dir='ltr'>crimini</span> <span class='ocrx_word' id='word_1_216' title='bbox 1998 2408 2204 2461; x_wconf 88' lang='lat' dir='ltr'>dedisse</span> 
     </span>
     <span class='ocr_line' id='line_1_26' title="bbox 254 2495 2202 2566; baseline -0.002 -15"><span class='ocrx_word' id='word_1_217' title='bbox 254 2500 548 2551; x_wconf 84' lang='lat' dir='ltr'>Antonium</span> <span class='ocrx_word' id='word_1_218' title='bbox 578 2499 839 2566; x_wconf 89' lang='lat' dir='ltr'>professus</span> <span class='ocrx_word' id='word_1_219' title='bbox 872 2499 964 2548; x_wconf 89' lang='lat' dir='ltr'>est.</span> <span class='ocrx_word' id='word_1_220' title='bbox 1012 2497 1167 2550; x_wconf 89' lang='lat' dir='ltr'>Hanc</span> <span class='ocrx_word' id='word_1_221' title='bbox 1194 2497 1396 2550; x_wconf 89' lang='lat' dir='ltr'>Galbae</span> <span class='ocrx_word' id='word_1_222' title='bbox 1426 2497 1707 2565; x_wconf 87' lang='lat' dir='ltr'>epistulam</span> <span class='ocrx_word' id='word_1_223' title='bbox 1749 2497 1838 2562; x_wconf 91' lang='lat' dir='ltr'>(ad</span> <span class='ocrx_word' id='word_1_224' title='bbox 1874 2496 1999 2549; x_wconf 87' lang='lat' dir='ltr'>farn.</span> <span class='ocrx_word' id='word_1_225' title='bbox 2023 2496 2088 2561; x_wconf 89' lang='lat' dir='ltr'>X,</span> <span class='ocrx_word' id='word_1_226' title='bbox 2116 2495 2202 2561; x_wconf 85' lang='lat'>30)</span> 
     </span>
     <span class='ocr_line' id='line_1_27' title="bbox 257 2584 2206 2653; baseline -0.002 -14"><span class='ocrx_word' id='word_1_227' title='bbox 257 2587 308 2640; x_wconf 87' lang='lat' dir='ltr'>F.</span> <span class='ocrx_word' id='word_1_228' title='bbox 344 2588 743 2651; x_wconf 81' lang='lat' dir='ltr'>Hofn1annus1)</span> <span class='ocrx_word' id='word_1_229' title='bbox 785 2585 1034 2652; x_wconf 85' lang='lat' dir='ltr'>scriptam</span> <span class='ocrx_word' id='word_1_230' title='bbox 1080 2588 1236 2653; x_wconf 87' lang='lat' dir='ltr'>putat</span> <span class='ocrx_word' id='word_1_231' title='bbox 1277 2602 1325 2638; x_wconf 90' lang='lat' dir='ltr'>a.</span> <span class='ocrx_word' id='word_1_232' title='bbox 1363 2586 1414 2637; x_wconf 92' lang='lat' dir='ltr'>d.</span> <span class='ocrx_word' id='word_1_233' title='bbox 1454 2585 1588 2638; x_wconf 90' lang='lat' dir='ltr'>XVI.</span> <span class='ocrx_word' id='word_1_234' title='bbox 1617 2585 1731 2638; x_wconf 91' lang='lat' dir='ltr'>Kal.</span> <span class='ocrx_word' id='word_1_235' title='bbox 1762 2584 1953 2650; x_wconf 79' lang='lat' dir='ltr'>MaiaS,</span> <span class='ocrx_word' id='word_1_236' title='bbox 1992 2586 2206 2636; x_wconf 87' lang='lat' dir='ltr'>secutus</span> 
     </span>
     <span class='ocr_line' id='line_1_28' title="bbox 258 2672 2205 2741; baseline -0.003 -13"><span class='ocrx_word' id='word_1_237' title='bbox 258 2675 475 2728; x_wconf 85' lang='lat' dir='ltr'>Manutii</span> <span class='ocrx_word' id='word_1_238' title='bbox 528 2676 912 2729; x_wconf 83' lang='lat' dir='ltr'>auctoritatem.</span> <span class='ocrx_word' id='word_1_239' title='bbox 999 2675 1102 2726; x_wconf 88' lang='lat' dir='ltr'>Sed</span> <span class='ocrx_word' id='word_1_240' title='bbox 1151 2675 1203 2726; x_wconf 91' lang='lat' dir='ltr'>in</span> <span class='ocrx_word' id='word_1_241' title='bbox 1254 2675 1434 2726; x_wconf 91' lang='lat' dir='ltr'>codice</span> <span class='ocrx_word' id='word_1_242' title='bbox 1489 2673 1724 2727; x_wconf 91' lang='lat' dir='ltr'>Mediceo</span> <span class='ocrx_word' id='word_1_243' title='bbox 1778 2673 2032 2741; x_wconf 87' lang='lat' dir='ltr'>scriptum</span> <span class='ocrx_word' id='word_1_244' title='bbox 2079 2672 2205 2738; x_wconf 86' lang='lat' dir='ltr'>legi-</span> 
     </span>
     <span class='ocr_line' id='line_1_29' title="bbox 262 2760 2205 2828; baseline -0.002 -12"><span class='ocrx_word' id='word_1_245' title='bbox 262 2781 380 2816; x_wconf 90' lang='lat' dir='ltr'>mus</span> <span class='ocrx_word' id='word_1_246' title='bbox 410 2781 458 2816; x_wconf 91' lang='lat' dir='ltr'>a.</span> <span class='ocrx_word' id='word_1_247' title='bbox 497 2765 546 2816; x_wconf 93' lang='lat' dir='ltr'>d.</span> <span class='ocrx_word' id='word_1_248' title='bbox 580 2764 689 2817; x_wconf 91' lang='lat' dir='ltr'>XII.</span> <span class='ocrx_word' id='word_1_249' title='bbox 722 2764 836 2817; x_wconf 86' lang='lat' dir='ltr'>Kal.</span> <span class='ocrx_word' id='word_1_250' title='bbox 870 2763 1034 2816; x_wconf 86' lang='lat' dir='ltr'>Maias</span> <span class='ocrx_word' id='word_1_251' title='bbox 1050 2763 1111 2828; x_wconf 81' lang='lat'>2).</span> <span class='ocrx_word' id='word_1_252' title='bbox 1186 2763 1384 2816; x_wconf 88' lang='lat' dir='ltr'>Idcirco</span> <span class='ocrx_word' id='word_1_253' title='bbox 1417 2762 1716 2815; x_wconf 85' lang='lat' dir='ltr'>Manutium</span> <span class='ocrx_word' id='word_1_254' title='bbox 1755 2779 1804 2816; x_wconf 93' lang='lat' dir='ltr'>a.</span> <span class='ocrx_word' id='word_1_255' title='bbox 1839 2762 1890 2814; x_wconf 92' lang='lat' dir='ltr'>d.</span> <span class='ocrx_word' id='word_1_256' title='bbox 1922 2760 2055 2814; x_wconf 91' lang='lat' dir='ltr'>XVI.</span> <span class='ocrx_word' id='word_1_257' title='bbox 2089 2760 2205 2813; x_wconf 88' lang='lat' dir='ltr'>Kal.</span> 
     </span>
     <span class='ocr_line' id='line_1_30' title="bbox 263 2851 2210 2920; baseline -0.001 -16"><span class='ocrx_word' id='word_1_258' title='bbox 263 2852 428 2904; x_wconf 89' lang='lat' dir='ltr'>Maias</span> <span class='ocrx_word' id='word_1_259' title='bbox 479 2853 575 2918; x_wconf 84' lang='lat' dir='ltr'>legi</span> <span class='ocrx_word' id='word_1_260' title='bbox 626 2853 846 2905; x_wconf 86' lang='lat' dir='ltr'>voluisse</span> <span class='ocrx_word' id='word_1_261' title='bbox 881 2856 1036 2920; x_wconf 88' lang='lat' dir='ltr'>put0‚</span> <span class='ocrx_word' id='word_1_262' title='bbox 1091 2852 1235 2920; x_wconf 88' lang='lat' dir='ltr'>quod</span> <span class='ocrx_word' id='word_1_263' title='bbox 1273 2851 1473 2906; x_wconf 89' lang='lat' dir='ltr'>Galbae</span> <span class='ocrx_word' id='word_1_264' title='bbox 1521 2851 1746 2919; x_wconf 84' lang='lat' dir='ltr'>epistula</span> <span class='ocrx_word' id='word_1_265' title='bbox 1791 2851 1950 2903; x_wconf 90' lang='lat' dir='ltr'>missa</span> <span class='ocrx_word' id='word_1_266' title='bbox 1984 2851 2063 2902; x_wconf 89' lang='lat' dir='ltr'>est</span> <span class='ocrx_word' id='word_1_267' title='bbox 2113 2865 2210 2902; x_wconf 79' lang='lat' dir='ltr'>»ex</span> 
     </span>
     <span class='ocr_line' id='line_1_31' title="bbox 265 2939 2210 3009; baseline -0.002 -17"><span class='ocrx_word' id='word_1_268' title='bbox 265 2941 506 3003; x_wconf 81' lang='lat' dir='ltr'>castris«,</span> <span class='ocrx_word' id='word_1_269' title='bbox 555 2941 612 2992; x_wconf 89' lang='lat' dir='ltr'>iis</span> <span class='ocrx_word' id='word_1_270' title='bbox 661 2942 880 3004; x_wconf 89' lang='lat' dir='ltr'>scilicet,</span> <span class='ocrx_word' id='word_1_271' title='bbox 931 2941 985 2994; x_wconf 91' lang='lat' dir='ltr'>in</span> <span class='ocrx_word' id='word_1_272' title='bbox 1035 2957 1174 3009; x_wconf 89' lang='lat' dir='ltr'>quae</span> <span class='ocrx_word' id='word_1_273' title='bbox 1214 2943 1331 3008; x_wconf 89' lang='lat' dir='ltr'>post</span> <span class='ocrx_word' id='word_1_274' title='bbox 1371 2941 1543 3007; x_wconf 89' lang='lat' dir='ltr'>ipsum</span> <span class='ocrx_word' id='word_1_275' title='bbox 1587 2940 1845 3008; x_wconf 89' lang='lat' dir='ltr'>proelium</span> <span class='ocrx_word' id='word_1_276' title='bbox 1877 2939 2210 2992; x_wconf 88' lang='lat' dir='ltr'>reverterunt</span> 
     </span>
     <span class='ocr_line' id='line_1_32' title="bbox 261 3025 2208 3097; baseline -0.001 -18"><span class='ocrx_word' id='word_1_277' title='bbox 261 3028 464 3080; x_wconf 90' lang='lat' dir='ltr'>milites.</span> <span class='ocrx_word' id='word_1_278' title='bbox 522 3029 814 3082; x_wconf 86' lang='lat' dir='ltr'>.Miramur</span> <span class='ocrx_word' id='word_1_279' title='bbox 860 3033 1070 3094; x_wconf 86' lang='lat' dir='ltr'>tamen,</span> <span class='ocrx_word' id='word_1_280' title='bbox 1124 3029 1296 3097; x_wconf 91' lang='lat' dir='ltr'>quod,</span> <span class='ocrx_word' id='word_1_281' title='bbox 1357 3045 1476 3081; x_wconf 90' lang='lat' dir='ltr'>cum</span> <span class='ocrx_word' id='word_1_282' title='bbox 1521 3030 1767 3082; x_wconf 88' lang='lat' dir='ltr'>accurate</span> <span class='ocrx_word' id='word_1_283' title='bbox 1815 3026 2011 3082; x_wconf 82' lang='lat' dir='ltr'>scribat</span> <span class='ocrx_word' id='word_1_284' title='bbox 2060 3042 2107 3080; x_wconf 89' lang='lat' dir='ltr'>a.</span> <span class='ocrx_word' id='word_1_285' title='bbox 2157 3025 2208 3078; x_wconf 90' lang='lat' dir='ltr'>d.</span> 
     </span>
     <span class='ocr_line' id='line_1_33' title="bbox 259 3115 2206 3184; baseline -0.001 -16"><span class='ocrx_word' id='word_1_286' title='bbox 259 3115 413 3168; x_wconf 92' lang='lat' dir='ltr'>XVII.</span> <span class='ocrx_word' id='word_1_287' title='bbox 450 3115 563 3169; x_wconf 89' lang='lat' dir='ltr'>Kal.</span> <span class='ocrx_word' id='word_1_288' title='bbox 600 3116 765 3172; x_wconf 87' lang='lat' dir='ltr'>Maias</span> <span class='ocrx_word' id='word_1_289' title='bbox 801 3117 1057 3184; x_wconf 91' lang='lat' dir='ltr'>proelium</span> <span class='ocrx_word' id='word_1_290' title='bbox 1095 3118 1295 3171; x_wconf 86' lang='lat' dir='ltr'>factum</span> <span class='ocrx_word' id='word_1_291' title='bbox 1334 3132 1462 3180; x_wconf 89' lang='lat' dir='ltr'>esse,</span> <span class='ocrx_word' id='word_1_292' title='bbox 1497 3132 1607 3169; x_wconf 89' lang='lat' dir='ltr'>non</span> <span class='ocrx_word' id='word_1_293' title='bbox 1644 3115 1832 3170; x_wconf 89' lang='lat' dir='ltr'>dixerit</span> <span class='ocrx_word' id='word_1_294' title='bbox 1865 3115 1919 3168; x_wconf 92' lang='lat' dir='ltr'>id</span> <span class='ocrx_word' id='word_1_295' title='bbox 1957 3115 2206 3179; x_wconf 83' lang='lat' dir='ltr'>accidisse</span> 
     </span>
     <span class='ocr_line' id='line_1_34' title="bbox 261 3202 2205 3274; baseline 0 -20"><span class='ocrx_word' id='word_1_296' title='bbox 261 3203 428 3270; x_wconf 89' lang='lat' dir='ltr'>pridie</span> <span class='ocrx_word' id='word_1_297' title='bbox 477 3204 586 3256; x_wconf 91' lang='lat' dir='ltr'>eius</span> <span class='ocrx_word' id='word_1_298' title='bbox 647 3205 775 3270; x_wconf 92' lang='lat' dir='ltr'>diei,</span> <span class='ocrx_word' id='word_1_299' title='bbox 842 3222 948 3273; x_wconf 90' lang='lat' dir='ltr'>quo</span> <span class='ocrx_word' id='word_1_300' title='bbox 999 3206 1280 3274; x_wconf 90' lang='lat' dir='ltr'>epistulam</span> <span class='ocrx_word' id='word_1_301' title='bbox 1330 3204 1492 3257; x_wconf 90' lang='lat' dir='ltr'>dedit.</span> <span class='ocrx_word' id='word_1_302' title='bbox 1576 3204 1918 3272; x_wconf 88' lang='lat' dir='ltr'>Quamquam</span> <span class='ocrx_word' id='word_1_303' title='bbox 1969 3202 2205 3265; x_wconf 88' lang='lat' dir='ltr'>concedo</span> 
     </span>
    </p>
   </div>
   <div class='ocr_carea' id='block_1_5' title="bbox 255 3311 551 3319">
    <p class='ocr_par' dir='ltr' id='par_1_5' title="bbox 255 3311 551 3319">
     <span class='ocr_line' id='line_1_35' title="bbox 255 3311 551 3319; baseline 0 573"><span class='ocrx_word' id='word_1_304' title='bbox 255 3311 551 3319; x_wconf 95' lang='lat' dir='ltr'> </span> 
     </span>
    </p>
   </div>
   <div class='ocr_carea' id='block_1_6' title="bbox 379 3333 1375 3423">
    <p class='ocr_par' dir='ltr' id='par_1_6' title="bbox 379 3333 1375 3423">
     <span class='ocr_line' id='line_1_36' title="bbox 379 3333 1375 3423; baseline 0.004 -17"><span class='ocrx_word' id='word_1_305' title='bbox 379 3365 421 3418; x_wconf 91' lang='lat'>1)</span> <span class='ocrx_word' id='word_1_306' title='bbox 457 3364 787 3422; x_wconf 69' lang='lat' dir='ltr'>Ausgewahlte</span> <span class='ocrx_word' id='word_1_307' title='bbox 818 3364 968 3409; x_wconf 86' lang='lat' dir='ltr'>Briefe</span> <span class='ocrx_word' id='word_1_308' title='bbox 999 3366 1083 3410; x_wconf 81' lang='lat' dir='ltr'>etc.</span> <span class='ocrx_word' id='word_1_309' title='bbox 1117 3366 1175 3419; x_wconf 89' lang='grc' dir='ltr'>ΙΙ,</span> <span class='ocrx_word' id='word_1_310' title='bbox 1190 3333 1250 3423; x_wconf 54' lang='grc' dir='ltr'>ορ.</span> <span class='ocrx_word' id='word_1_311' title='bbox 1280 3368 1375 3411; x_wconf 80' lang='lat'>166.</span> 
     </span>
    </p>
   </div>
   <div class='ocr_carea' id='block_1_7' title="bbox 266 3432 2211 3549">
    <p class='ocr_par' dir='ltr' id='par_1_7' title="bbox 266 3432 2211 3549">
     <span class='ocr_line' id='line_1_37' title="bbox 341 3432 2211 3535; baseline -0.002 -57"><span class='ocrx_word' id='word_1_312' title='bbox 341 3435 839 3535; x_wconf 45' lang='lat' dir='ltr'>XPVBaiter-Kaysen</span> <span class='ocrx_word' id='word_1_313' title='bbox 889 3436 949 3480; x_wconf 88' lang='lat' dir='ltr'>M.</span> <span class='ocrx_word' id='word_1_314' title='bbox 982 3435 1124 3480; x_wconf 88' lang='lat' dir='ltr'>Tullii</span> <span class='ocrx_word' id='word_1_315' title='bbox 1168 3436 1396 3482; x_wconf 80' lang='lat' dir='ltr'>Ciceronis</span> <span class='ocrx_word' id='word_1_316' title='bbox 1444 3450 1605 3493; x_wconf 88' lang='lat' dir='ltr'>opera,</span> <span class='ocrx_word' id='word_1_317' title='bbox 1650 3439 1749 3484; x_wconf 94' lang='lat' dir='ltr'>Vol.</span> <span class='ocrx_word' id='word_1_318' title='bbox 1783 3437 1868 3488; x_wconf 91' lang='lat' dir='ltr'>IX,</span> <span class='ocrx_word' id='word_1_319' title='bbox 1913 3435 2067 3479; x_wconf 79' lang='lat' dir='ltr'>adnot.</span> <span class='ocrx_word' id='word_1_320' title='bbox 2111 3432 2211 3476; x_wconf 84' lang='lat' dir='ltr'>erit.</span> 
     </span>
     <span class='ocr_line' id='line_1_38' title="bbox 266 3506 1621 3549; baseline 0.001 -14"><span class='ocrx_word' id='word_1_321' title='bbox 266 3506 309 3549; x_wconf 89' lang='lat' dir='ltr'>p.</span> <span class='ocrx_word' id='word_1_322' title='bbox 464 3525 476 3538; x_wconf 85' lang='lat'>.</span> <span class='ocrx_word' id='word_1_323' title='bbox 1616 3525 1621 3528; x_wconf 33' lang='grc' dir='ltr'>ψ</span> 
     </span>
    </p>
   </div>
  </div>
 </body>
</html>
