2358 3892
1147 179 1214 230 49

208 331 453 383 audimus
491 326 651 393 Alpes
699 341 984 392 occupasse
1007 326 1066 388 ¹),
1116 325 1225 377 sive
1272 341 1368 392 per
1417 326 1630 393 Alpium
1679 326 1888 378 illarum
1936 326 2150 391 incolaS‚

213 418 302 486 qui
342 419 470 475 tunc
507 413 747 466 nondum
796 413 1003 469 subacti
1052 415 1218 464 erant.
1282 413 1442 478 Igitur
1477 413 1538 464 D.
1578 414 1771 464 Brutus
1806 429 2003 479 paucos
2039 415 2148 466 dies

195 505 266 556 in.
296 502 510 568 Alpium
535 530 539 535 ·
562 501 947 553 maritimarum
995 500 1260 552 radicibus
1310 505 1549 553 moratus
1600 518 1692 568 per
1729 501 2006 564 VercellaS‚
2056 502 2148 554 ubi

196 593 317 644 zerat
352 606 404 642 a.
439 590 490 642 d.
527 589 630 641 VIl.
683 589 796 641 Kal.
845 588 1022 640 Iunias
1041 587 1100 653 2),
1137 591 1190 640 et
1236 589 1571 655 Eporediam,
1625 590 1766 641 unde
1801 606 1846 642 a.
1888 590 1937 641 d.
1974 590 2058 642 IX.
2096 594 2147 642 et

191 677 332 732 VIII.
369 679 485 731 Kal.
534 678 707 730 Iunias
745 676 980 730 Ciceroni
1030 676 1281 744 epistulas
1323 677 1528 744 scripsit
1546 677 1612 741 3),
1647 694 1743 744 per
1781 678 2018 730 Salassos
2054 679 2146 730 Al-

191 768 350 836 pium
386 768 512 833 iuga
547 766 799 819 ascendit.
873 764 1068 816 Salassi
1108 781 1229 816 eum
1267 781 1392 817 suos
1437 765 1569 817 fines
1604 766 1828 818 transire
1865 782 1972 818 non
2012 767 2147 832 passi

202 860 326 910 sunt
373 856 483 908 nisi<
514 869 712 919 magna
761 853 988 920 pecunia
1037 853 1163 905 data
1178 853 1243 918 ⁴).
1314 853 1429 906 Hac
1472 855 1557 906 via
1592 854 1754 922 Alpes
1788 858 2146 919 transgressus

205 945 276 998 ad
309 943 567 996 Plancum
618 942 884 1008 profectus
921 945 1013 993 est.
1079 942 1297 994 Interim
1336 945 1388 994 et
1425 942 1575 995 Bruti
1614 946 1665 994 et
1700 943 1882 995 Planci
1916 944 2146 996 conditio

202 1048 267 1085 eo
299 1031 456 1084 valde
496 1034 699 1083 mutata
737 1033 864 1094 erat,
909 1031 1055 1098 quod
1090 1030 1318 1098 Lepidus
1367 1031 1514 1083 haud
1548 1031 1757 1097 invitm,
1802 1033 1908 1096 sed,
1948 1036 2006 1084 ut
2037 1034 2145 1100 ipse

187 1120 426 1184 dicebat,
478 1136 512 1172 a
546 1120 796 1172 militibus
829 1122 1043 1172 coactus
1073 1135 1121 1172 a.
1161 1120 1211 1171 d.
1252 1120 1332 1172 lV.
1370 1120 1486 1172 Kal.
1525 1119 1698 1172 Iunias
1734 1122 2025 1174 Antonium
2063 1141 2146 1177 re-

199 1209 336 1276 cepit
373 1212 426 1262 et
460 1224 584 1261 cum
622 1225 684 1260 eo
720 1208 1004 1260 exercitum
1042 1208 1331 1272 coniunxit,
1368 1209 1420 1260 id
1458 1209 1601 1276 quod
1640 1210 1835 1262 factum
1862 1214 1954 1277 est,
1994 1216 2144 1266 ante-

199 1313 364 1365 quam
398 1297 595 1350 Brutus
631 1313 750 1349 cum
779 1296 980 1349 Planco
1021 1313 1077 1348 se
1110 1297 1467 1362 coniungeret.
1516 1298 1764 1361 PlancUS‚
1805 1300 1892 1366 qui
1928 1302 2144 1367 propius

199 1385 271 1439 ad
295 1385 551 1451 Lepidum
588 1388 894 1449 accesserat,
930 1401 1051 1438 cum
1088 1387 1383 1438 Antonium
1417 1390 1601 1440 contra
1629 1404 1684 1440 se
1720 1389 2010 1441 exercitum
2044 1391 2142 1443 du-

197 1490 312 1527 cere
347 1475 812 1537 animadverteret,
850 1477 999 1526 trans
1033 1474 1233 1527 Isaram
1271 1474 1589 1528 Cularonem
1626 1478 1854 1540 recessit,
1886 1479 2026 1530 unde
2058 1478 2143 1532 Ci-

197 1563 374 1616 ceroni
411 1579 459 1616 a.
497 1563 548 1615 d.
589 1561 708 1614 VIII.
745 1563 869 1615 Idus
903 1564 1080 1616 Iunias
1117 1565 1313 1617 litteras
1350 1565 1491 1616 misit
1510 1565 1552 1630 ⁵)
1586 1568 1638 1618 et
1666 1566 1842 1633 paullo
1870 1571 1988 1634 post
2019 1584 2140 1621 cum

195 1651 258 1704 D.
305 1652 472 1704 Bruto
521 1669 578 1705 se
626 1653 911 1705 coniunxit.
995 1653 1158 1706 Erant
1206 1656 1335 1705 tunc
1387 1654 1440 1706 in
1487 1654 1638 1706 Bruti
1686 1655 1870 1707 castris
1914 1656 2143 1722 legiones

195 1740 395 1804 decem,
432 1757 657 1808 quarum
696 1746 817 1793 octo
854 1741 1084 1794 tironum
1111 1746 1279 1808 erant,
1316 1746 1377 1794 ut
1414 1759 1478 1795 ex
1514 1742 1698 1795 litteris
1724 1743 1906 1796 Planci
1943 1747 2137 1798 scimus

188 1845 238 1883 a.
283 1830 331 1881 d.
370 1829 430 1882 V.
464 1829 580 1882 Kal.
610 1829 832 1882 Sextiles
869 1831 939 1883 ad
976 1830 1295 1883 Ciceronem·
1319 1832 1454 1884 datis
1466 1832 1523 1897 ⁶).
1593 1831 1871 1885 Coniuncti
1909 1833 2138 1900 impera-

189 1920 332 1971 tores
367 1918 689 1985 aliquamdiu
726 1919 777 1970 in
815 1919 895 1970 his
933 1919 1058 1971 locis
1089 1921 1280 1972 morati
1315 1923 1455 1983 sunt,
1493 1924 1739 1972 senatum
1760 1921 1853 1973 sibi
1880 1922 2134 1975 auxilium

190 2007 475 2059 missurum
512 2023 625 2058 esse
657 2010 946 2073 sperantes
998 2008 1118 2060 Una
1155 2024 1277 2060 cum
1312 2009 1385 2060 eis
1418 2009 1577 2060 etiam
1617 2007 1675 2061 C.
1711 2009 1924 2061 Asinius
1953 2010 2133 2077 Pollio,

194 2095 286 2163 qui
322 2095 634 2163 Hispaniam
674 2095 976 2148 ulteriorem
1019 2096 1247 2159 tenebat,
1286 2097 1521 2149 Antonio
1556 2097 1760 2160 restitit,
1804 2114 2135 2166 quamquam

190 2187 242 2236 et
277 2184 388 2250 ipse
427 2187 479 2235 et
514 2185 772 2236 exercitus
802 2184 871 2236 ab
889 2185 1126 2237 Antonio
1164 2188 1217 2237 et
1235 2185 1433 2252 Lepido
1471 2201 1633 2252 saepe
1655 2188 1945 2253 temptatus
1979 2191 2057 2239 est
2075 2186 2134 2253 ⁷).

191 2271 342 2336 Quae
379 2273 507 2324 dum
548 2277 819 2339 geruntur,
861 2272 1185 2325 Octavianus
1221 2274 1276 2325 in
1312 2274 1459 2326 Italia
1500 2277 1745 2328 senatum
1783 2278 1837 2326 et
1874 2276 2135 2343 populum

190 2360 499 2414 Romanum
536 2362 588 2413 in
626 2378 778 2413 suam
815 2364 1131 2428 potestatem
1182 2362 1382 2428 redegit
1430 2365 1482 2414 et
1518 2362 1664 2415 haud
1700 2363 1858 2415 dubie
1906 2365 2135 2417 ostendit

192 2465 249 2502 se
282 2465 404 2502 cum
434 2450 670 2502 Antonio
707 2450 759 2501 in
795 2451 1020 2516 gratiam
1058 2450 1353 2503 rediturum
1393 2467 1520 2504 esse.
1592 2452 1705 2518 Ipse
1741 2453 1922 2504 consul
1960 2452 2134 2506 factus

192 2541 270 2591 est
307 2554 430 2590 cum
467 2538 631 2591 Pedio
669 2555 718 2591 a.
757 2539 808 2590 d.
845 2538 978 2592 XIV.
1013 2539 1127 2592 Kal.
1163 2539 1520 2607 SeptembreS,
1557 2544 1773 2592 senatus
1803 2544 1986 2593 contra
2021 2543 2135 2595 An-

190 2626 393 2680 tonium
431 2631 484 2680 et
517 2627 844 2680 Dolabellam
882 2629 1096 2681 decreta
1131 2629 1343 2682 sublata
1379 2635 1520 2695 sunt,
1557 2629 1672 2696 lege
1709 2630 1869 2682 Pedia
1897 2629 2135 2684 Caesaris

306 2830 352 2888 1)
384 2831 443 2876 ad
475 2831 584 2875 fam.
619 2831 686 2884 10,
719 2831 789 2884 33,
805 2833 847 2876 4.

305 2902 352 2958 2)
382 2903 442 2946 ad
471 2903 581 2947 fam.
615 2904 681 2956 11,
708 2904 772 2948 19.

305 2975 350 3030 3)
380 2975 436 3018 ad
472 2976 581 3018 fam.
618 2977 684 3028 11,
706 2978 774 3020 20.
807 2977 878 3021 23.

304 3045 545 3102 osu-abo
589 3046 668 3099 IV,
685 3047 786 3099 205,
826 3047 876 3091 id
910 3050 1034 3104 quod
1075 3049 1226 3094 minus
1267 3054 1391 3096 recte
1433 3051 1724 3095 Drumannus
1766 3052 1822 3109 (Ι,
1860 3067 1903 3107 p.
1935 3052 2038 3107 357)
2074 3052 2132 3095 ad

196 3119 378 3174 tempus
403 3117 647 3172 insequens
674 3119 832 3163 referri
861 3119 975 3166 vult.

307 3189 353 3244 5)
382 3188 472 3234 cic.
504 3190 562 3233 ad
594 3189 703 3235 fam.
738 3191 877 3243 1033.

302 3261 347 3315 6)
379 3260 440 3304 ad
472 3259 580 3303 fam.
623 3262 689 3314 10,
703 3261 771 3314 24,
786 3262 826 3307 3.

306 3332 350 3384 7)
380 3331 438 3374 ad
470 3331 576 3374 fam.
613 3331 764 3385 10,32.

441 3436 494 3470 (v.
518 3431 683 3472 Hagen.)
1749 3440 1775 3482 4
