2358 3892
1079 290 1081 292 .
1111 248 1183 300 ‚19

157 399 278 468 quis
310 398 491 466 egerit,
529 398 619 450 sed
646 398 824 462 etiam,
857 413 998 466 quae
1013 397 1080 451 de
1099 398 1229 451 actis
1253 398 1363 451 suis
1393 397 1575 451 litteris
1593 398 1940 465 mandaverit,
1976 402 2094 453 acta

145 487 592 556 appellatassunt.
664 487 818 551 Quod
869 487 1210 554 scriptionum
1259 503 1454 553 genuS,
1505 488 1545 539 si
1596 488 1891 540 accuratius
1944 488 2084 555 loqui

143 573 412 635 volebant,
448 576 856 628 commentarios
897 578 1146 628 actorum.
1177 576 1407 628 Romani
1448 576 1619 628 dicere
1658 575 1942 629 debebant.
2012 576 2090 629 Ita

145 657 220 716 τὰ
244 662 617 732 ὑπομνήματα
652 667 746 731 τῆς
774 664 940 730 α’ρχῆς
969 664 1128 716 vertit
1160 664 1439 731 Appianus
1477 664 1594 716 bell.
1615 664 1710 717 civ.
1727 665 1776 728 2,
1798 665 1923 726 1253
1961 663 2087 717 nihil

145 753 302 820 igitur
339 754 532 806 mirum
570 756 664 818 est,
698 754 840 821 quod
880 753 1144 805 interdum
1181 754 1626 806 commentarium
1665 754 1864 807 dictum
1890 754 2091 807 inveni-

147 837 281 909 muS,
319 844 412 898 ubi
444 844 629 912 procul
668 843 828 895 dubio
864 845 984 895 acta
1013 841 1364 909 intellegenda
1391 845 1516 894 sunt
1554 842 1704 909 (Tac.
1721 843 1860 895 Ann.
1881 844 1960 906 15,
1977 841 2087 908 74).

150 933 235 986 Ab
269 932 681 1000 elegantioribus
720 934 899 983 autem
932 931 1271 999 scriptoribus
1306 931 1505 998 ubique
1544 931 1680 983 inter
1717 934 1838 984 acta
1868 935 1920 983 et
1947 947 2092 984 com-

147 1016 437 1074 mentarioS
466 1021 741 1087 diligenter
771 1020 1122 1086 distinguitur.
1178 1019 1354 1072 Tertio
1385 1019 1612 1086 denique
1641 1020 1758 1072 loco
1787 1022 1906 1072 acta
1936 1035 2093 1072 voca-

145 1109 337 1162 bulum
385 1126 418 1162 a
466 1109 687 1176 duplici,
735 1125 896 1177 quem
940 1108 1261 1175 significavi,
1313 1124 1416 1160 usu
1453 1108 1746 1160 secundum
1788 1108 2092 1160 recentioris

144 1194 264 1252 aevi
293 1198 732 1251 consuetudinem
758 1198 1032 1265 quandam
1061 1197 1131 1248 ad
1162 1197 1269 1248 duo
1301 1197 1405 1249 alia
1433 1197 1750 1248 translatum
1780 1212 1895 1248 esse
1921 1197 2092 1250 video.

146 1285 354 1340 Etenim
413 1287 558 1354 apud
613 1286 809 1338 iudices
865 1301 1080 1353 quoque
1135 1284 1244 1336 sive
1296 1284 1532 1336 urbanos
1585 1284 1693 1335 sive
1751 1285 2095 1352 municipales

143 1377 360 1443 ‚praeter
396 1374 632 1427 iudicum
672 1373 796 1426 alba
835 1376 887 1425 et
923 1373 1026 1425 alia
1062 1373 1331 1439 quaedam
1367 1372 1479 1424 eius
1515 1371 1659 1423 modi
1698 1372 1860 1424 etiam
1902 1373 1967 1425 de
2006 1373 2094 1437 eiS,

149 1479 289 1530 quae
337 1463 388 1515 in
441 1462 642 1514 iudiciis
690 1464 1000 1527 agerentur,
1048 1463 1169 1513 acta
1219 1460 1649 1513 conficiebantur.
1714 1460 1933 1512 Liberae
1971 1477 2096 1513 vero

147 1551 230 1604 reia*
242 1551 489 1619 publicae
513 1551 837 1618 temporibus
862 1549 989 1602 talia
1013 1552 1133 1602 acta
1156 1549 1394 1601 nondum
1422 1550 1475 1601 in
1501 1565 1602 1601 usu
1625 1548 1782 1600 fuisse
1806 1550 2093 1602 tenendum

138 1641 259 1692 rest.
284 1644 343 1680 ...-
387 1640 531 1692 Ante
566 1639 803 1692 Caesaris
837 1642 1068 1692 aetatem
1106 1641 1225 1690 acta
1263 1641 1480 1690 senatus
1514 1637 1660 1689 nulla
1698 1637 1858 1690 fuisse
1891 1641 2094 1690 certum

140 1731 229 1782 est
264 1728 542 1794 (Huebner
575 1746 626 1797 p.
646 1728 794 1794 564).
846 1728 1089 1795 Utraque
1125 1729 1178 1779 et
1212 1726 1392 1794 populi
1428 1730 1479 1778 et
1510 1730 1725 1779 senatus
1755 1729 1874 1779 acta
1903 1726 2098 1779 Caesar

138 1817 352 1888 primus
388 1818 611 1870 instituit
646 1819 717 1884 (p.
746 1817 886 1875 594).
959 1815 1038 1868 Cf.
1075 1816 1292 1869 Sueton.
1333 1814 1530 1868 Caesar
1563 1815 1659 1866 20:
1701 1815 1859 1866 »inito
1895 1813 2095 1866 honore

147 1905 353 1974 primus
387 1905 633 1971 instituit,
671 1909 732 1959 ut
769 1909 880 1958 tam
921 1907 1137 1958 senatus
1174 1919 1337 1971 quam
1376 1903 1555 1971 populi
1592 1903 1783 1955 diurna
1815 1906 1933 1955 acta
1969 1918 2093 1955 con-

145 1995 333 2047 fierent
367 1996 424 2046 et
458 1994 902 2061 publicarentur«.
958 1994 1021 2046 Et
1059 1994 1190 2045 haec
1221 1993 1435 2059 quidem
1459 1993 1713 2044 Aemilius
1737 1991 2007 2044 Huebner.
2029 2019 2090 2026 -

145 2082 287 2136 Aeta
317 2083 477 2149 igitur
513 2082 764 2134 differunt
798 2098 830 2134 a
869 2082 1042 2148 gestis,
1082 2097 1221 2148 quae
1258 2080 1471 2148 quidem
1508 2079 1802 2145 significent
1837 2096 1916 2142 ea,
1954 2096 2092 2146 quae

145 2170 219 2224 ad
250 2172 364 2224 rem
402 2171 681 2223 militarem
723 2170 989 2237 pertinent
1006 2168 1067 2235 ¹).
1141 2169 1480 2235 Quamquam
1511 2167 1695 2220 Cicero
1711 2167 1751 2230 2)
1791 2169 1928 2218 recte
1963 2167 2090 2219 nihil

142 2262 258 2314 tam
310 2276 424 2312 esse
462 2259 515 2310 in
551 2259 680 2311 actis
721 2258 940 2311 alicuius
976 2273 1137 2325 quam
1178 2258 1317 2323 leges
1356 2256 1584 2317 disserit,
1624 2257 1804 2306 tamen
1839 2270 1959 2306 cum
1996 2271 2090 2307 eae

142 2350 260 2400 tum
300 2347 530 2400 maxime
568 2346 620 2398 S.
650 2345 740 2409 Ca,
781 2346 1036 2412 quoniam
1073 2361 1181 2397 non
1218 2361 1251 2397 a
1279 2344 1591 2410 magistratu
1623 2342 1839 2405 fiebant,
1876 2357 2089 2408 separa·

145 2436 342 2488 bantur
391 2435 462 2488 ab
515 2435 660 2487 actis.
744 2434 1006 2501 Imprimis
1054 2436 1232 2485 autem
1273 2434 1560 2497 usurpatur
1595 2430 1818 2483 verbum
1856 2429 1984 2483 illud
2024 2429 2089 2481 de

120 2524 483 2591 ··in1peratore,
522 2522 612 2590 qui
650 2538 733 2573 res
770 2522 824 2573 in
859 2521 1132 2588 provincia
1169 2519 1452 2572 constituit.
1514 2518 1687 2570 Livius
1716 2517 1798 2579 26,
1829 2518 1962 2579 325,
1999 2517 2090 2568 ubi

141 2612 375 2666 Siciliam
435 2611 691 2663 domitam
749 2626 862 2662 esse
913 2609 1201 2660 memoriae
1256 2607 1515 2674 prodidit,
1583 2607 1703 2657 acta
1750 2604 1817 2656 M.
1863 2594 2089 2657 Marcelli

146 2699 472 2762 nominavit,
525 2714 663 2766 quae
714 2699 753 2749 is
807 2713 992 2764 gerens
1043 2696 1241 2748 bellum
1295 2695 1566 2760 victorque
1611 2693 1813 2758 egisset.
1897 2691 2091 2744 Confer

140 2789 294 2858 quod
322 2788 597 2856 Appianus
628 2786 738 2850 1,97
777 2786 902 2838 dicit
939 2785 1004 2836 de
1031 2784 1176 2836 Sulla
1216 2780 1302 2833 »οἳ
1328 2781 1418 2834 καὶ
1446 2779 1652 2844 πάντα,
1692 2775 1798 2831 ὅσα
1826 2777 2092 2846 διῴκησεν

140 2876 179 2928 ti
202 2875 413 2936 Σύλλας
445 2873 736 2925 ὐπατὲύων
771 2891 832 2924 τε
865 2873 955 2923 καὶ
982 2868 1412 2932 ἀνθυπατεύων,
1447 2871 1645 2934 βέβαια
1679 2868 1768 2917 καὶ
1803 2866 2090 2918 ἀνεύθυνα

152 2965 490 3035 ἐψηφίζοντο
553 2955 723 3014 sirac«
739 2960 804 3028 ³).
889 2961 1016 3025 Quis
1072 2963 1149 3012 est
1209 2959 1296 3026 qui
1348 2957 1547 3009 nesciat
1596 2959 1715 3008 acta
1763 2955 2089 3023 Pompei?⁴)

149 3052 259 3112 Eae
298 3051 628 3120 potissimum
658 3050 894 3104 actiones
930 3049 1290 3115 significantur
1327 3062 1390 3098 ea
1427 3061 1571 3108 voce,
1608 3059 1746 3111 quae
1781 3044 1957 3098 irritae
1984 3043 2094 3096 fieri

265 3215 314 3272 1)
348 3215 473 3260 Suet.
504 3214 627 3260 Caes.
658 3217 728 3259 23.

264 3287 316 3344 2)
349 3286 440 3332 Cic.
475 3286 594 3333 Phil.
628 3286 754 3339 1,17.

218 3352 221 3354 ’
265 3359 314 3415 3)
345 3359 409 3404 Of.
438 3357 527 3403 cic.
564 3358 620 3403 de
654 3358 758 3415 lege
788 3355 973 3413 agraria.
1003 3356 1043 3407 3,
1075 3357 1100 3398 5
1110 3372 1123 3407 ;
1155 3354 1212 3398 ad
1239 3354 1336 3398 Att.
1362 3353 1402 3405 9,
1427 3352 1536 3405 15,2.

249 3434 314 3486 ι4)
358 3430 482 3475 Plut.
521 3430 622 3475 Luc.
656 3430 736 3486 363
783 3429 938 3485 Pomp.
970 3426 1039 3480 31,
1074 3426 1142 3471 38.
1212 3426 1278 3469 Cf.
1310 3425 1583 3473 Mommsen,
1615 3420 1883 3464 R6n1isebes
1915 3418 2092 3461 Stnats-

157 3500 288 3546 recht
321 3500 379 3553 II,
407 3500 448 3558 2,
481 3515 525 3556 p.
558 3502 685 3546 868f.
720 3502 890 3545 Adnot.
1227 3524 1230 3530 ·
1419 3512 1421 3521 ²

1729 3570 1791 3615 2*
