2358 3892
1242 206 1312 262 20

317 369 554 435 possunt,
589 377 918 433 quamquam
953 363 1058 414 eae'
1082 373 1295 426 quoque
1325 354 1422 408 dici
1451 357 1686 422 possunt,
1723 370 1861 424 quae
1890 354 1941 408 in
1968 358 2243 409 aeternum

302 456 506 518 valent,
543 454 684 505 velut
722 452 951 503 iudicata
972 450 1024 512 ¹).
1097 447 1175 498 De
1211 444 1341 497 actis
1377 443 1598 510 Pompei
1633 444 1884 497 dissensio
1919 448 2103 498 coorta
2139 446 2236 507 est,

303 546 479 594 utrum
528 557 590 593 ea
639 540 873 592 valerent
909 553 979 588 an
1025 538 1146 586 acta
1193 531 1423 595 Luculli,
1475 548 1613 598 quae
1662 532 1732 584 ab
1785 531 1872 585 illo
1907 533 2050 587 irrita
2085 535 2238 586 erant

305 631 523 682 reddita.
588 628 841 694 Pompeio
880 626 945 676 illi
983 623 1193 690 quidem
1229 621 1372 673 licuit
1407 620 1767 673 immunitates
1799 621 1945 686 dare,
1981 622 2089 688 sed,
2122 621 2239 689 qui-

303 702 510 785 cunque
549 717 593 768 ei
629 714 892 776 successit,
929 712 1067 764 idem
1107 710 1278 777 potuit
1308 709 1547 777 ideoque,
1585 711 1644 761 ut
1669 709 1906 762 valerent
1933 712 2069 774 acta,
2105 725 2239 779 opus

302 809 414 859 erat
449 806 499 858 S.
526 804 600 857 Co
639 804 718 856 vel
756 803 882 867 lege.
950 800 1108 852 Anno
1142 801 1322 850 autem
1356 797 1425 850 42
1461 798 1575 864 lege
1611 802 1828 852 cautum
1867 801 1973 864 est,
2018 801 2078 851 ut
2114 799 2238 852 novi

305 895 640 960 magistratus
671 891 848 943 omnia
878 891 998 940 acta
1017 886 1254 939 Caesaris
1285 885 1550 939 dictatoris
1575 903 1632 940 se
1657 890 1959 940 servaturos
1984 887 2236 940 iurarent.

303 986 465 1051 quue
504 983 572 1034 ab
613 997 674 1032 eo
712 982 951 1045 tempore
988 993 1194 1043 semper
1228 975 1428 1028 factum
1463 978 1566 1040 est,
1614 979 1698 1042 ut,
1744 977 1832 1044 qui
1870 975 2239 1042 magistratum

301 1074 470 1135 iniret,
509 1072 560 1122 in
599 1072 719 1122 acta
756 1069 950 1119 iuraret
983 1069 1034 1118 et
1070 1066 1311 1117 omnium
1349 1066 1730 1133 imperatorum
1767 1069 1820 1118 et
1851 1067 1977 1131 eiUS,
2017 1068 2243 1134 quirem

301 1162 565 1229 publicam
605 1156 1026 1209 administrabat.
1104 1154 1221 1206 Hoc
1258 1157 1437 1206 autem
1474 1155 1708 1208 interfuit
1745 1156 1881 1208 inter
1915 1159 2036 1210 acta
2074 1158 2242 1224 magi-

300 1252 558 1301 stratuum
595 1248 786 1298 liberae
821 1244 896 1296 rei
932 1242 1267 1310 publicaeet
1299 1247 1419 1296 acta
1453 1260 1658 1307 eorum,
1695 1244 1786 1312 qui
1819 1244 1941 1298 inde
1964 1247 2036 1299 ab
2059 1248 2243 1315 Augu-

301 1341 380 1390 sto
413 1337 766 1404 principatum
802 1332 1131 1396 obtinebant,
1168 1335 1227 1384 ut
1255 1333 1335 1384 his
1361 1348 1549 1399 agrum
1577 1333 1848 1401 publicum
1881 1337 2244 1391 venumdandi

300 1429 530 1494 potestas
572 1426 727 1486 esset,
778 1422 875 1474 illis
911 1438 1020 1474 non
1057 1423 1207 1473 esset.

434 1514 536 1566 Sed
577 1515 680 1564 iam
714 1511 991 1563 videamus
1019 1509 1333 1574 accuratim,
1372 1510 1500 1577 quid
1530 1513 1736 1576 gestum
1769 1512 1849 1564 sit.
1921 1513 2247 1571 Liberalibus

299 1603 435 1655 enim
457 1603 670 1654 senatus
693 1600 996 1652 consultum
1028 1601 1140 1651 erat
1159 1599 1375 1665 factum,
1406 1599 1549 1666 quod
1578 1601 1868 1653 secundum
1891 1601 2244 1658 Schmidtium

295 1691 396 1744 hoc
434 1691 537 1743 fere
575 1690 669 1742 fuit
689 1689 756 1754 2);
800 1688 886 1751 »C‚
923 1687 1039 1741 Julii
1081 1686 1318 1740 Caesaris
1354 1690 1474 1741 acta
1511 1688 1750 1751 valent03
1784 1690 1824 1741 si
1861 1706 1999 1758 quae
2035 1695 2154 1746 acta
2191 1694 2241 1746 in

296 1778 684 1832 commentariis
740 1780 949 1843 extant,
1011 1792 1074 1829 ea
1131 1792 1347 1844 quoque
1401 1777 1666 1829 valento«.
1753 1778 2016 1832 Antonius
2071 1781 2242 1847 igitur,

297 1869 442 1921 cuius
480 1869 531 1920 in
565 1867 814 1919 manibus
843 1865 1210 1918 commentarii
1247 1864 1487 1918 Caesaris
1522 1868 1691 1930 erant,
1730 1868 1781 1919 et
1819 1867 1910 1934 qui
1943 1866 2000 1921 C.
2019 1851 2242 1922 Faberio

293 1958 463 2010 scriba
499 1956 810 2009 administro
851 1954 1150 2007 fidelissimo
1186 1954 1465 2019 utebatur,
1520 1971 1585 2008 ex
1631 1972 1730 2008 sua
1777 1957 2039 2010 sententia
2074 1957 2244 2012 multa

293 2045 518 2109 addidit,
569 2061 688 2097 cum
740 2044 935 2097 diceret
971 2041 1252 2096 Caesarem
1300 2030 1405 2095 sibi‘
1433 2044 1612 2096 omnia
1651 2045 2016 2099 commississe.
2086 2045 2242 2101 Nunc

293 2135 436 2201 apud
463 2133 768 2186 Ciceronem
807 2132 900 2198 (ad
923 2132 1033 2184 Att.
1065 2132 1356 2197 16,16,11)
1396 2132 1652 2199 scriptum
1688 2133 1956 2186 videmus:
1998 2134 2239 2199 »deinde,

293 2238 450 2289 quem
494 2222 561 2274 ad
606 2223 825 2274 modum
873 2224 933 2273 tu
981 2221 1079 2274 scis
1116 2250 1182 2257 —
1222 2220 1497 2273 interfuisti
1535 2221 1677 2274 enim
1718 2251 1780 2258 -
1831 2238 1953 2274 cum
2000 2222 2240 2276 consules

291 2313 554 2378 oporteret
590 2327 653 2363 ex
687 2313 903 2363 senatus
942 2309 1184 2362 consulto
1223 2309 1289 2362 de
1324 2310 1456 2362 actis
1488 2309 1726 2363 Caesaris
1756 2326 2102 2377 cognoscere,
2155 2327 2240 2364 res

291 2399 360 2451 ab
388 2400 447 2451 iis
476 2400 530 2451 in
557 2399 673 2451 Kal.
715 2398 826 2451 Iun.
868 2398 1032 2450 dilata
1070 2400 1162 2450 est.
1184 2398 1401 2450 accessit
1438 2399 1507 2451 ad
1547 2401 1763 2451 senatus
1802 2399 2102 2452 consultum
2127 2399 2238 2467 lex,

291 2505 428 2556 quae
456 2489 565 2541 lata
595 2491 674 2540 est
702 2504 748 2540 a.
788 2487 839 2539 d.
870 2487 954 2539 IV.
982 2487 1119 2539 Non.
1151 2486 1323 2552 (Iun.),
1358 2503 1498 2554 quae
1535 2487 1619 2540 lex
1655 2491 1838 2540 earum
1874 2504 2069 2551 rerum,
2107 2505 2258 2556 quas·

291 2575 488 2628 Caesar
531 2577 824 2640 statuisset,
870 2576 1211 2639 decrevisset,
1265 2575 1480 2642 egisset,
1534 2576 1835 2629 consulibus
1885 2576 2241 2642 cognitionem

291 2665 484 2716 dedit«.
556 2665 710 2716 Adde
749 2664 893 2732 quod
931 2681 996 2716 ex
1031 2663 1295 2716 sententia
1327 2663 1439 2716 Ser.
1474 2664 1687 2732 Sulpicii
1718 2664 1845 2716 Ruti
1875 2663 1926 2715 S.
1949 2663 2004 2717 C.
2039 2663 2238 2717 factum

294 2756 429 2805 erat:
456 2769 551 2805 »ne
571 2770 676 2821 qua
692 2755 812 2822 post
831 2753 953 2805 Idus
965 2752 1183 2805 Martias
1199 2752 1550 2804 immunitatis
1568 2752 1752 2806 tabula
1767 2769 1902 2805 neve
1917 2752 2066 2804 cuius
2082 2752 2240 2806 bene-

291 2841 393 2892 ficii
414 2841 663 2905 figeretur
679 2842 737 2905 ³).
784 2840 881 2893 Dio
905 2857 1123 2908 quoque
1144 2840 1303 2893 huius
1328 2840 1378 2892 S.
1401 2839 1475 2893 Ci.
1497 2841 1825 2893 mentionem
1851 2840 1975 2892 facit
2001 2840 2106 2906 (45,
2127 2839 2240 2906 23):

296 2932 523 2994 »καίπερ
556 2927 708 2994 ὑμεῖς
742 2927 887 2979 αὐτοὶ
922 2930 1099 2978 ταῦτα
1135 2926 1521 2995 προορώμενοι,
1559 2929 1929 3002 ἐψηφίσασθε
1968 2928 2244 2997 μηδεμίαν

292 3015 494 3084 στήλην
524 3016 672 3083 μετοὲ
703 3016 801 3067 τὸν
835 3018 934 3066 τοῦ
955 3020 1230 3086 Καίσαρος
1266 3015 1537 3082 θάνατον,
1568 3015 1637 3078 ὥς
1663 3017 1753 3068 καὶ
1785 3016 1916 3084 παρ’
1939 3017 2145 3068 ἐκείνου
2167 3035 2243 3083 τῳ

409 3217 452 3272 1)
482 3217 599 3261 Ven.
630 3219 670 3271 2,
697 3219 766 3264 20.

401 3300 445 3352 2)
479 3300 784 3354 Schmidtius,
822 3302 852 3346 l.
879 3317 915 3346 c.
950 3319 993 3360 p.
1018 3304 1123 3361 693,
1162 3304 1291 3348 cuius
1323 3303 1612 3360 potissimum
1643 3302 1690 3346 in
1723 3303 1812 3347 hac
1839 3316 1888 3347 re
1913 3303 2241 3347 auctoritatem

291 3384 391 3412 sum
421 3373 614 3415 secutus.

408 3455 455 3511 3)
493 3455 581 3500 Cic.
615 3455 733 3502 Phil.
763 3458 802 3516 2,
836 3459 915 3513 913
947 3459 1003 3505 cf.
1037 3459 1076 3513 1,
1108 3461 1150 3504 3.
