<?xml version="1.0" encoding="UTF-8"?>
<!DOCTYPE html PUBLIC "-//W3C//DTD XHTML 1.0 Transitional//EN"
    "http://www.w3.org/TR/xhtml1/DTD/xhtml1-transitional.dtd">
<html xmlns="http://www.w3.org/1999/xhtml" xml:lang="en" lang="en">
 <head>
  <title>
</title>
<meta http-equiv="Content-Type" content="text/html;charset=utf-8" />
  <meta name='ocr-system' content='tesseract 3.04.00' />
  <meta name='ocr-capabilities' content='ocr_page ocr_carea ocr_par ocr_line ocrx_word'/>
</head>
<body>
  <div class='ocr_page' id='page_1' title='image "./quaestionescriti00hage_0043.png"; bbox 0 0 2358 3892; ppageno 0'>
   <div class='ocr_carea' id='block_1_1' title="bbox 1106 212 1191 266">
    <p class='ocr_par' dir='ltr' id='par_1_1' title="bbox 1106 212 1191 266">
     <span class='ocr_line' id='line_1_1' title="bbox 1106 212 1191 266; baseline 0 -48"><span class='ocrx_word' id='word_1_1' title='bbox 1106 212 1191 266; x_wconf 71' lang='lat'>43.</span> 
     </span>
    </p>
   </div>
   <div class='ocr_carea' id='block_1_2' title="bbox 114 359 2138 3422">
    <p class='ocr_par' dir='ltr' id='par_1_2' title="bbox 114 359 2138 3422">
     <span class='ocr_line' id='line_1_2' title="bbox 173 359 2131 439; baseline -0.003 -21"><span class='ocrx_word' id='word_1_2' title='bbox 173 381 284 439; x_wconf 75' lang='lat' dir='ltr'>Iam</span> <span class='ocrx_word' id='word_1_3' title='bbox 312 363 528 416; x_wconf 78' lang='lat' dir='ltr'>omnino</span> <span class='ocrx_word' id='word_1_4' title='bbox 551 361 812 428; x_wconf 79' lang='lat' dir='ltr'>periturus</span> <span class='ocrx_word' id='word_1_5' title='bbox 841 360 1104 412; x_wconf 86' lang='lat' dir='ltr'>Antonius</span> <span class='ocrx_word' id='word_1_6' title='bbox 1131 359 1274 411; x_wconf 88' lang='lat' dir='ltr'>visus</span> <span class='ocrx_word' id='word_1_7' title='bbox 1305 361 1400 421; x_wconf 87' lang='lat' dir='ltr'>est,</span> <span class='ocrx_word' id='word_1_8' title='bbox 1439 359 1612 426; x_wconf 79' lang='lat' dir='ltr'>neque</span> <span class='ocrx_word' id='word_1_9' title='bbox 1651 362 1794 412; x_wconf 85' lang='lat' dir='ltr'>enirn</span> <span class='ocrx_word' id='word_1_10' title='bbox 1824 362 2131 414; x_wconf 88' lang='lat' dir='ltr'>coniunctis</span> 
     </span>
     <span class='ocr_line' id='line_1_3' title="bbox 173 446 2112 515; baseline -0.003 -9"><span class='ocrx_word' id='word_1_11' title='bbox 173 451 372 506; x_wconf 80' lang='lat' dir='ltr'><strong>Decimi</strong></span> <span class='ocrx_word' id='word_1_12' title='bbox 391 449 566 501; x_wconf 25' lang='lat' dir='ltr'>ss-Bruti</span> <span class='ocrx_word' id='word_1_13' title='bbox 621 450 672 500; x_wconf 90' lang='lat' dir='ltr'>et</span> <span class='ocrx_word' id='word_1_14' title='bbox 721 446 999 500; x_wconf 88' lang='lat' dir='ltr'>Octaviani</span> <span class='ocrx_word' id='word_1_15' title='bbox 1047 447 1209 514; x_wconf 89' lang='lat' dir='ltr'>copiis</span> <span class='ocrx_word' id='word_1_16' title='bbox 1261 447 1499 498; x_wconf 89' lang='lat' dir='ltr'>resistere</span> <span class='ocrx_word' id='word_1_17' title='bbox 1546 447 1745 512; x_wconf 90' lang='lat' dir='ltr'>potuit,</span> <span class='ocrx_word' id='word_1_18' title='bbox 1810 446 2112 515; x_wconf 88' lang='lat' dir='ltr'>praesertim</span> 
     </span>
     <span class='ocr_line' id='line_1_4' title="bbox 175 534 2115 604; baseline -0.002 -12"><span class='ocrx_word' id='word_1_19' title='bbox 175 546 316 593; x_wconf 77' lang='lat' dir='ltr'>eum&#39;</span> <span class='ocrx_word' id='word_1_20' title='bbox 345 537 432 591; x_wconf 89' lang='lat' dir='ltr'>illo</span> <span class='ocrx_word' id='word_1_21' title='bbox 478 538 716 604; x_wconf 81' lang='lat' dir='ltr'>tempore</span> <span class='ocrx_word' id='word_1_22' title='bbox 763 535 1003 587; x_wconf 90' lang='lat' dir='ltr'>nondum</span> <span class='ocrx_word' id='word_1_23' title='bbox 1054 537 1351 596; x_wconf 88' lang='lat' dir='ltr'>constaret,</span> <span class='ocrx_word' id='word_1_24' title='bbox 1407 550 1514 600; x_wconf 91' lang='lat' dir='ltr'>quo</span> <span class='ocrx_word' id='word_1_25' title='bbox 1560 534 1740 586; x_wconf 88' lang='lat' dir='ltr'>animo</span> <span class='ocrx_word' id='word_1_26' title='bbox 1767 535 2016 602; x_wconf 68' lang='lat' dir='ltr'>&#39;Lepidus</span> <span class='ocrx_word' id='word_1_27' title='bbox 2064 539 2115 588; x_wconf 86' lang='lat' dir='ltr'>et</span> 
     </span>
     <span class='ocr_line' id='line_1_5' title="bbox 170 620 2113 689; baseline -0.002 -10"><span class='ocrx_word' id='word_1_28' title='bbox 170 625 400 680; x_wconf 75' lang='lat' dir='ltr'>Plancus</span> <span class='ocrx_word' id='word_1_29' title='bbox 423 627 612 677; x_wconf 84' lang='lat' dir='ltr'>essent.</span> <span class='ocrx_word' id='word_1_30' title='bbox 674 623 777 676; x_wconf 86' lang='lat' dir='ltr'>Sed</span> <span class='ocrx_word' id='word_1_31' title='bbox 804 623 971 686; x_wconf 83' lang='lat' dir='ltr'>aliter,</span> <span class='ocrx_word' id='word_1_32' title='bbox 1005 625 1170 689; x_wconf 86' lang='lat' dir='ltr'>quam</span> <span class='ocrx_word' id='word_1_33' title='bbox 1198 620 1486 688; x_wconf 79' lang='lat' dir='ltr'>sperabant</span> <span class='ocrx_word' id='word_1_34' title='bbox 1515 621 1771 684; x_wconf 77' lang='lat' dir='ltr'>homine5‚</span> <span class='ocrx_word' id='word_1_35' title='bbox 1809 639 1890 674; x_wconf 86' lang='lat' dir='ltr'>res</span> <span class='ocrx_word' id='word_1_36' title='bbox 1914 623 2113 686; x_wconf 90' lang='lat' dir='ltr'>cecidit,</span> 
     </span>
     <span class='ocr_line' id='line_1_6' title="bbox 170 709 2115 777; baseline -0.003 -10"><span class='ocrx_word' id='word_1_37' title='bbox 170 729 299 767; x_wconf 85' lang='lat' dir='ltr'>nam</span> <span class='ocrx_word' id='word_1_38' title='bbox 332 711 628 766; x_wconf 75' lang='lat' dir='ltr'>Octaviano</span> <span class='ocrx_word' id='word_1_39' title='bbox 667 715 886 764; x_wconf 89' lang='lat' dir='ltr'>senatus</span> <span class='ocrx_word' id='word_1_40' title='bbox 931 713 1114 777; x_wconf 87' lang='lat' dir='ltr'>aperte</span> <span class='ocrx_word' id='word_1_41' title='bbox 1153 709 1454 762; x_wconf 80' lang='lat' dir='ltr'>obtrectare</span> <span class='ocrx_word' id='word_1_42' title='bbox 1494 709 1802 774; x_wconf 88' lang='lat' dir='ltr'>uidebatur,</span> <span class='ocrx_word' id='word_1_43' title='bbox 1840 727 1962 762; x_wconf 90' lang='lat' dir='ltr'>cum·</span> <span class='ocrx_word' id='word_1_44' title='bbox 2011 727 2115 763; x_wconf 91' lang='lat' dir='ltr'>non</span> 
     </span>
     <span class='ocr_line' id='line_1_7' title="bbox 172 796 2117 867; baseline -0.003 -13"><span class='ocrx_word' id='word_1_45' title='bbox 172 801 237 866; x_wconf 86' lang='lat' dir='ltr'>ei,</span> <span class='ocrx_word' id='word_1_46' title='bbox 268 801 363 854; x_wconf 88' lang='lat' dir='ltr'>sed</span> <span class='ocrx_word' id='word_1_47' title='bbox 379 799 638 854; x_wconf 78' lang='lat' dir='ltr'>D.&#39;Bruto</span> <span class='ocrx_word' id='word_1_48' title='bbox 660 799 1098 867; x_wconf 81' lang='lat' dir='ltr'>supplicationem</span> <span class='ocrx_word' id='word_1_49' title='bbox 1119 797 1327 864; x_wconf 87' lang='lat' dir='ltr'>aliaque</span> <span class='ocrx_word' id='word_1_50' title='bbox 1348 796 1496 849; x_wconf 87' lang='lat' dir='ltr'>daret</span> <span class='ocrx_word' id='word_1_51' title='bbox 1522 813 1752 864; x_wconf 86' lang='lat' dir='ltr'>cumque</span> <span class='ocrx_word' id='word_1_52' title='bbox 1774 796 1938 864; x_wconf 82' lang='lat' dir='ltr'>legati</span> <span class='ocrx_word' id='word_1_53' title='bbox 1965 796 2117 850; x_wconf 80' lang='lat' dir='ltr'>sena-</span> 
     </span>
     <span class='ocr_line' id='line_1_8' title="bbox 174 886 2116 960; baseline -0.003 -16"><span class='ocrx_word' id='word_1_54' title='bbox 174 895 259 944; x_wconf 80' lang='lat' dir='ltr'>tus</span> <span class='ocrx_word' id='word_1_55' title='bbox 293 907 510 960; x_wconf 85' lang='lat' dir='ltr'>operam</span> <span class='ocrx_word' id='word_1_56' title='bbox 549 891 756 955; x_wconf 88' lang='lat' dir='ltr'>darent,</span> <span class='ocrx_word' id='word_1_57' title='bbox 787 893 847 941; x_wconf 88' lang='lat' dir='ltr'>ut</span> <span class='ocrx_word' id='word_1_58' title='bbox 885 888 1111 940; x_wconf 86' lang='lat' dir='ltr'>militum</span> <span class='ocrx_word' id='word_1_59' title='bbox 1137 888 1344 940; x_wconf 90' lang='lat' dir='ltr'>animos</span> <span class='ocrx_word' id='word_1_60' title='bbox 1377 887 1447 939; x_wconf 91' lang='lat' dir='ltr'>ab</span> <span class='ocrx_word' id='word_1_61' title='bbox 1478 886 1772 940; x_wconf 88' lang='lat' dir='ltr'>Octaviano</span> <span class='ocrx_word' id='word_1_62' title='bbox 1806 891 2116 940; x_wconf 85' lang='lat' dir='ltr'>averterent.</span> 
     </span>
     <span class='ocr_line' id='line_1_9' title="bbox 171 976 2117 1048; baseline -0.003 -15"><span class='ocrx_word' id='word_1_63' title='bbox 171 978 368 1048; x_wconf 80' lang='lat' dir='ltr'>quihus</span> <span class='ocrx_word' id='word_1_64' title='bbox 404 979 562 1032; x_wconf 85' lang='lat' dir='ltr'>rebus</span> <span class='ocrx_word' id='word_1_65' title='bbox 592 977 829 1044; x_wconf 75' lang='lat' dir='ltr'>&#39;graviter</span> <span class='ocrx_word' id='word_1_66' title='bbox 863 976 1096 1029; x_wconf 85' lang='lat' dir='ltr'>offensus</span> <span class='ocrx_word' id='word_1_67' title='bbox 1134 992 1233 1028; x_wconf 89' lang='lat' dir='ltr'>nec</span> <span class='ocrx_word' id='word_1_68' title='bbox 1273 979 1381 1027; x_wconf 85' lang='lat' dir='ltr'>tam</span> <span class='ocrx_word' id='word_1_69' title='bbox 1416 979 1632 1028; x_wconf 90' lang='lat' dir='ltr'>senatus</span> <span class='ocrx_word' id='word_1_70' title='bbox 1666 992 1828 1043; x_wconf 87' lang='lat' dir='ltr'>quarn</span> <span class='ocrx_word' id='word_1_71' title='bbox 1865 987 1990 1028; x_wconf 86' lang='lat' dir='ltr'>suas</span> <span class='ocrx_word' id='word_1_72' title='bbox 2036 991 2117 1028; x_wconf 89' lang='lat' dir='ltr'>res</span> 
     </span>
     <span class='ocr_line' id='line_1_10' title="bbox 172 1064 2112 1131; baseline -0.003 -11"><span class='ocrx_word' id='word_1_73' title='bbox 172 1066 513 1120; x_wconf 68' lang='lat' dir='ltr'>cul-&#39;ansiam‘</span> <span class='ocrx_word' id='word_1_74' title='bbox 552 1069 670 1118; x_wconf 85' lang='lat' dir='ltr'>tum</span> <span class='ocrx_word' id='word_1_75' title='bbox 718 1066 767 1118; x_wconf 89' lang='lat' dir='ltr'>id</span> <span class='ocrx_word' id='word_1_76' title='bbox 813 1081 972 1131; x_wconf 85' lang='lat' dir='ltr'>agere</span> <span class='ocrx_word' id='word_1_77' title='bbox 1019 1065 1206 1131; x_wconf 86' lang='lat' dir='ltr'>coepit,</span> <span class='ocrx_word' id='word_1_78' title='bbox 1257 1067 1316 1116; x_wconf 87' lang='lat' dir='ltr'>ut</span> <span class='ocrx_word' id='word_1_79' title='bbox 1361 1065 1762 1124; x_wconf 12' lang='lat' dir='ltr'>cumssAntonIa</span> <span class='ocrx_word' id='word_1_80' title='bbox 1798 1065 1848 1115; x_wconf 93' lang='lat' dir='ltr'>in</span> <span class='ocrx_word' id='word_1_81' title='bbox 1888 1064 2112 1130; x_wconf 84' lang='lat' dir='ltr'>gratiam</span> 
     </span>
     <span class='ocr_line' id='line_1_11' title="bbox 171 1152 2118 1220; baseline -0.003 -11"><span class='ocrx_word' id='word_1_82' title='bbox 171 1156 376 1209; x_wconf 81' lang='lat' dir='ltr'>rediret.</span> <span class='ocrx_word' id='word_1_83' title='bbox 414 1154 599 1220; x_wconf 40' lang='grc' dir='ltr'>κΩιιόᾱ</span> <span class='ocrx_word' id='word_1_84' title='bbox 647 1156 708 1206; x_wconf 90' lang='lat' dir='ltr'>ut</span> <span class='ocrx_word' id='word_1_85' title='bbox 756 1157 884 1206; x_wconf 88' lang='lat' dir='ltr'>tunc</span> <span class='ocrx_word' id='word_1_86' title='bbox 932 1153 1127 1206; x_wconf 88' lang='lat' dir='ltr'>faceret</span> <span class='ocrx_word' id='word_1_87' title='bbox 1181 1152 1458 1219; x_wconf 88' lang='lat' dir='ltr'>Appianus</span> <span class='ocrx_word' id='word_1_88' title='bbox 1497 1152 1568 1218; x_wconf 88' lang='lat'>(3.</span> <span class='ocrx_word' id='word_1_89' title='bbox 1609 1154 1692 1217; x_wconf 90' lang='lat'>75)</span> <span class='ocrx_word' id='word_1_90' title='bbox 1746 1155 1927 1204; x_wconf 91' lang='lat' dir='ltr'>narrat</span> <span class='ocrx_word' id='word_1_91' title='bbox 1977 1152 2118 1204; x_wconf 92' lang='lat' dir='ltr'>Pan-</span> 
     </span>
     <span class='ocr_line' id='line_1_12' title="bbox 170 1238 2117 1307; baseline -0.003 -9"><span class='ocrx_word' id='word_1_92' title='bbox 170 1259 287 1298; x_wconf 81' lang='lat' dir='ltr'>sam</span> <span class='ocrx_word' id='word_1_93' title='bbox 332 1244 647 1297; x_wconf 88' lang='lat' dir='ltr'>morientem</span> <span class='ocrx_word' id='word_1_94' title='bbox 695 1242 910 1295; x_wconf 85' lang='lat' dir='ltr'>Caesari</span> <span class='ocrx_word' id='word_1_95' title='bbox 957 1240 1257 1293; x_wconf 86' lang='lat' dir='ltr'>Bononiam</span> <span class='ocrx_word' id='word_1_96' title='bbox 1323 1241 1572 1292; x_wconf 88' lang='lat' dir='ltr'>arcessito</span> <span class='ocrx_word' id='word_1_97' title='bbox 1634 1238 1712 1292; x_wconf 90' lang='lat' dir='ltr'>his</span> <span class='ocrx_word' id='word_1_98' title='bbox 1773 1240 1944 1292; x_wconf 88' lang='lat' dir='ltr'>verbis</span> <span class='ocrx_word' id='word_1_99' title='bbox 2001 1257 2117 1307; x_wconf 89' lang='lat' dir='ltr'>per-</span> 
     </span>
     <span class='ocr_line' id='line_1_13' title="bbox 172 1326 2115 1397; baseline -0.004 -11"><span class='ocrx_word' id='word_1_100' title='bbox 172 1332 426 1386; x_wconf 76' lang='lat' dir='ltr'>suasisse:</span> <span class='ocrx_word' id='word_1_101' title='bbox 500 1330 655 1397; x_wconf 70' lang='grc' dir='ltr'><em>»Ἐγαὶ</em></span> <span class='ocrx_word' id='word_1_102' title='bbox 690 1330 763 1380; x_wconf 75' lang='grc' dir='ltr'>’δὲ</span> <span class='ocrx_word' id='word_1_103' title='bbox 808 1329 898 1380; x_wconf 85' lang='grc' dir='ltr'>καὶ</span> <span class='ocrx_word' id='word_1_104' title='bbox 933 1326 1127 1396; x_wconf 79' lang='grc' dir='ltr'><em>Ἵρτιος</em></span> <span class='ocrx_word' id='word_1_105' title='bbox 1175 1327 1238 1379; x_wconf 79' lang='grc' dir='ltr'>τὸ</span> <span class='ocrx_word' id='word_1_106' title='bbox 1276 1333 1751 1394; x_wconf 77' lang='grc' dir='ltr'><em>προστεταγμένον</em></span> <span class='ocrx_word' id='word_1_107' title='bbox 1805 1329 2115 1393; x_wconf 78' lang='grc' dir='ltr'><em>ἐποιοῦμεν,</em></span> 
     </span>
     <span class='ocr_line' id='line_1_14' title="bbox 171 1414 2115 1488; baseline -0.003 -15"><span class='ocrx_word' id='word_1_108' title='bbox 171 1427 326 1488; x_wconf 70' lang='grc' dir='ltr'><em>μέχρι</em></span> <span class='ocrx_word' id='word_1_109' title='bbox 407 1419 691 1472; x_wconf 79' lang='grc' dir='ltr'><strong><em>συστεῖλαι</em></strong></span> <span class='ocrx_word' id='word_1_110' title='bbox 769 1418 866 1468; x_wconf 75' lang='grc' dir='ltr'>τὸν</span> <span class='ocrx_word' id='word_1_111' title='bbox 958 1415 1232 1468; x_wconf 72' lang='grc' dir='ltr'><em>’Λντώνιον</em></span> <span class='ocrx_word' id='word_1_112' title='bbox 1333 1414 1738 1479; x_wconf 77' lang='grc' dir='ltr'><em>ἐπιπολάζοντα</em></span> <span class='ocrx_word' id='word_1_113' title='bbox 1821 1416 2115 1488; x_wconf 74' lang='grc' dir='ltr'><em>ὑπεροψίᾳ,</em></span> 
     </span>
     <span class='ocr_line' id='line_1_15' title="bbox 169 1503 2118 1577; baseline -0.003 -18"><span class='ocrx_word' id='word_1_114' title='bbox 169 1507 484 1577; x_wconf 68' lang='grc' dir='ltr'><em>ἡττηθέντα</em></span> <span class='ocrx_word' id='word_1_115' title='bbox 532 1507 598 1558; x_wconf 76' lang='grc' dir='ltr'>δέ</span> <span class='ocrx_word' id='word_1_116' title='bbox 642 1522 727 1559; x_wconf 89' lang='grc' dir='ltr'>σοι</span> <span class='ocrx_word' id='word_1_117' title='bbox 769 1503 1169 1558; x_wconf 76' lang='grc' dir='ltr'><em>συναλλάσσειν</em></span> <span class='ocrx_word' id='word_1_118' title='bbox 1212 1505 1563 1569; x_wconf 79' lang='grc' dir='ltr'><em>ἐπενοοῦμεν,</em></span> <span class='ocrx_word' id='word_1_119' title='bbox 1605 1503 1674 1563; x_wconf 72' lang='grc' dir='ltr'>αῖς</span> <span class='ocrx_word' id='word_1_120' title='bbox 1731 1506 1798 1572; x_wconf 82' lang='grc' dir='ltr'>τῇ</span> <span class='ocrx_word' id='word_1_121' title='bbox 1848 1508 2118 1570; x_wconf 86' lang='grc' dir='ltr'><em>Καίσαρος</em></span> 
     </span>
     <span class='ocr_line' id='line_1_16' title="bbox 172 1592 2121 1666; baseline -0.003 -18"><span class='ocrx_word' id='word_1_122' title='bbox 172 1596 332 1666; x_wconf 74' lang='grc' dir='ltr'><em>φιλίᾳ·</em></span> <span class='ocrx_word' id='word_1_123' title='bbox 370 1593 524 1648; x_wconf 68' lang='grc' dir='ltr'><em>’.τόδε</em></span> <span class='ocrx_word' id='word_1_124' title='bbox 591 1594 939 1664; x_wconf 75' lang='grc' dir='ltr'><em>χαριστήριον</em></span> <span class='ocrx_word' id='word_1_125' title='bbox 1011 1595 1223 1660; x_wconf 79' lang='grc' dir='ltr'><em>ἔχοντες</em></span> <span class='ocrx_word' id='word_1_126' title='bbox 1291 1592 1603 1644; x_wconf 72' lang='grc' dir='ltr'><em>ἀποδοῦναι</em></span> <span class='ocrx_word' id='word_1_127' title='bbox 1663 1593 1752 1643; x_wconf 77' lang='grc' dir='ltr'>καὶ</span> <span class='ocrx_word' id='word_1_128' title='bbox 1821 1593 1990 1659; x_wconf 82' lang='grc' dir='ltr'><em>μόνον</em></span> <span class='ocrx_word' id='word_1_129' title='bbox 2053 1595 2121 1661; x_wconf 86' lang='grc' dir='ltr'>τῇ</span> 
     </span>
     <span class='ocr_line' id='line_1_17' title="bbox 169 1681 2116 1754; baseline -0.002 -18"><span class='ocrx_word' id='word_1_130' title='bbox 169 1687 335 1754; x_wconf 72' lang='grc' dir='ltr'><em>μοίρᾳ</em></span> <span class='ocrx_word' id='word_1_131' title='bbox 351 1683 763 1753; x_wconf 76' lang='grc' dir='ltr'><em>χρησιμώτατον</em></span> <span class='ocrx_word' id='word_1_132' title='bbox 774 1682 1044 1750; x_wconf 79' lang='grc' dir='ltr'><em>ἐσόμενον</em></span> <span class='ocrx_word' id='word_1_133' title='bbox 1062 1684 1114 1742; x_wconf 85' lang='grc' dir='ltr'>ἐς</span> <span class='ocrx_word' id='word_1_134' title='bbox 1139 1682 1209 1733; x_wconf 70' lang='grc' dir='ltr'>τά</span> <span class='ocrx_word' id='word_1_135' title='bbox 1233 1681 1500 1748; x_wconf 77' lang='grc' dir='ltr'><em>μέλλοντα</em></span> <span class='ocrx_word' id='word_1_136' title='bbox 1527 1701 1574 1734; x_wconf 90' lang='grc' dir='ltr'>κ.</span> <span class='ocrx_word' id='word_1_137' title='bbox 1603 1700 1650 1732; x_wconf 91' lang='grc' dir='ltr'>τ.</span> <span class='ocrx_word' id='word_1_138' title='bbox 1671 1681 1749 1733; x_wconf 84' lang='grc' dir='ltr'>λ.«</span> <span class='ocrx_word' id='word_1_139' title='bbox 1790 1682 1906 1733; x_wconf 92' lang='lat' dir='ltr'>Non</span> <span class='ocrx_word' id='word_1_140' title='bbox 1933 1683 2116 1748; x_wconf 85' lang='lat' dir='ltr'>ignoro</span> 
     </span>
     <span class='ocr_line' id='line_1_18' title="bbox 170 1769 2117 1835; baseline -0.003 -9"><span class='ocrx_word' id='word_1_141' title='bbox 170 1773 311 1826; x_wconf 79' lang='lat' dir='ltr'>hanc</span> <span class='ocrx_word' id='word_1_142' title='bbox 346 1773 707 1826; x_wconf 84' lang='lat' dir='ltr'>narrationem</span> <span class='ocrx_word' id='word_1_143' title='bbox 744 1773 797 1824; x_wconf 90' lang='lat' dir='ltr'>in</span> <span class='ocrx_word' id='word_1_144' title='bbox 847 1772 1067 1824; x_wconf 83' lang='lat' dir='ltr'>dubium</span> <span class='ocrx_word' id='word_1_145' title='bbox 1107 1774 1349 1823; x_wconf 90' lang='lat' dir='ltr'>vocatam</span> <span class='ocrx_word' id='word_1_146' title='bbox 1389 1786 1526 1835; x_wconf 87' lang='lat' dir='ltr'>esse,</span> <span class='ocrx_word' id='word_1_147' title='bbox 1561 1770 1706 1821; x_wconf 87' lang='lat' dir='ltr'>velut</span> <span class='ocrx_word' id='word_1_148' title='bbox 1741 1786 1773 1821; x_wconf 91' lang='lat' dir='ltr'>a</span> <span class='ocrx_word' id='word_1_149' title='bbox 1806 1769 2117 1821; x_wconf 85' lang='lat' dir='ltr'>Drumanno</span> 
     </span>
     <span class='ocr_line' id='line_1_19' title="bbox 173 1857 2117 1930; baseline -0.004 -15"><span class='ocrx_word' id='word_1_150' title='bbox 173 1861 311 1930; x_wconf 80' lang='lat'>(1,31</span> <span class='ocrx_word' id='word_1_151' title='bbox 323 1862 394 1926; x_wconf 87' lang='lat'>1),</span> <span class='ocrx_word' id='word_1_152' title='bbox 409 1877 507 1914; x_wconf 89' lang='lat' dir='ltr'>nec</span> <span class='ocrx_word' id='word_1_153' title='bbox 522 1864 703 1914; x_wconf 87' lang='lat' dir='ltr'>tamen</span> <span class='ocrx_word' id='word_1_154' title='bbox 722 1861 815 1924; x_wconf 87' lang='lat' dir='ltr'>ita,</span> <span class='ocrx_word' id='word_1_155' title='bbox 830 1861 1330 1912; x_wconf 47' lang='lat' dir='ltr'>ut‘demonstratum</span> <span class='ocrx_word' id='word_1_156' title='bbox 1346 1858 1412 1910; x_wconf 90' lang='lat' dir='ltr'>sit</span> <span class='ocrx_word' id='word_1_157' title='bbox 1427 1857 1782 1911; x_wconf 86' lang='lat' dir='ltr'>Octavianum</span> <span class='ocrx_word' id='word_1_158' title='bbox 1801 1874 1921 1909; x_wconf 90' lang='lat' dir='ltr'>cum</span> <span class='ocrx_word' id='word_1_159' title='bbox 1942 1858 2117 1909; x_wconf 83' lang='lat' dir='ltr'>Pansa</span> 
     </span>
     <span class='ocr_line' id='line_1_20' title="bbox 171 1946 2117 2017; baseline -0.003 -15"><span class='ocrx_word' id='word_1_160' title='bbox 171 1950 456 2003; x_wconf 84' lang='lat' dir='ltr'>convenire</span> <span class='ocrx_word' id='word_1_161' title='bbox 490 1965 599 2002; x_wconf 89' lang='lat' dir='ltr'>non</span> <span class='ocrx_word' id='word_1_162' title='bbox 628 1950 861 2017; x_wconf 86' lang='lat' dir='ltr'>potuisse</span> <span class='ocrx_word' id='word_1_163' title='bbox 887 1948 1174 2001; x_wconf 88' lang='lat' dir='ltr'>Bononiae.</span> <span class='ocrx_word' id='word_1_164' title='bbox 1233 1947 1338 2000; x_wconf 89' lang='lat' dir='ltr'>Sed</span> <span class='ocrx_word' id='word_1_165' title='bbox 1358 1946 1616 2014; x_wconf 87' lang='lat' dir='ltr'>quidquid</span> <span class='ocrx_word' id='word_1_166' title='bbox 1639 1947 1703 1998; x_wconf 92' lang='lat' dir='ltr'>de</span> <span class='ocrx_word' id='word_1_167' title='bbox 1723 1946 1824 1998; x_wconf 89' lang='lat' dir='ltr'>hac</span> <span class='ocrx_word' id='word_1_168' title='bbox 1842 1962 1897 1997; x_wconf 88' lang='lat' dir='ltr'>re</span> <span class='ocrx_word' id='word_1_169' title='bbox 1934 1947 2117 1997; x_wconf 88' lang='lat' dir='ltr'>statui-</span> 
     </span>
     <span class='ocr_line' id='line_1_21' title="bbox 172 2033 2115 2103; baseline -0.003 -13"><span class='ocrx_word' id='word_1_170' title='bbox 172 2040 276 2101; x_wconf 85' lang='lat' dir='ltr'>tur,</span> <span class='ocrx_word' id='word_1_171' title='bbox 306 2041 508 2092; x_wconf 79' lang='lat' dir='ltr'>ce&#39;rtum</span> <span class='ocrx_word' id='word_1_172' title='bbox 535 2038 900 2090; x_wconf 72' lang='lat' dir='ltr'>videtur-recte</span> <span class='ocrx_word' id='word_1_173' title='bbox 931 2037 1239 2103; x_wconf 88' lang='lat' dir='ltr'>Appianum</span> <span class='ocrx_word' id='word_1_174' title='bbox 1274 2033 1481 2099; x_wconf 88' lang='lat' dir='ltr'>referre,</span> <span class='ocrx_word' id='word_1_175' title='bbox 1517 2035 1644 2101; x_wconf 89' lang='lat' dir='ltr'>quid</span> <span class='ocrx_word' id='word_1_176' title='bbox 1676 2035 1928 2086; x_wconf 85' lang='lat' dir='ltr'>senserint·</span> <span class='ocrx_word' id='word_1_177' title='bbox 1959 2033 2115 2085; x_wconf 84' lang='lat' dir='ltr'>Octa-</span> 
     </span>
     <span class='ocr_line' id='line_1_22' title="bbox 170 2122 2117 2185; baseline -0.004 -6"><span class='ocrx_word' id='word_1_178' title='bbox 170 2125 359 2179; x_wconf 82' lang='lat' dir='ltr'>vianus</span> <span class='ocrx_word' id='word_1_179' title='bbox 385 2129 437 2178; x_wconf 88' lang='lat' dir='ltr'>et</span> <span class='ocrx_word' id='word_1_180' title='bbox 455 2127 629 2179; x_wconf 86' lang='lat' dir='ltr'>amici.</span> <span class='ocrx_word' id='word_1_181' title='bbox 662 2125 830 2178; x_wconf 85' lang='lat' dir='ltr'>-Nam</span> <span class='ocrx_word' id='word_1_182' title='bbox 866 2126 940 2178; x_wconf 90' lang='lat' dir='ltr'>ita</span> <span class='ocrx_word' id='word_1_183' title='bbox 980 2128 1095 2177; x_wconf 89' lang='lat' dir='ltr'>erat</span> <span class='ocrx_word' id='word_1_184' title='bbox 1132 2141 1246 2185; x_wconf 87' lang='lat' dir='ltr'>res;</span> <span class='ocrx_word' id='word_1_185' title='bbox 1279 2124 1473 2175; x_wconf 90' lang='lat' dir='ltr'>Brutus</span> <span class='ocrx_word' id='word_1_186' title='bbox 1499 2123 1858 2176; x_wconf 87' lang='lat' dir='ltr'>Macedoniam</span> <span class='ocrx_word' id='word_1_187' title='bbox 1888 2122 2117 2183; x_wconf 85' lang='lat' dir='ltr'>tenebat,</span> 
     </span>
     <span class='ocr_line' id='line_1_23' title="bbox 171 2206 2138 2282; baseline -0.005 -14"><span class='ocrx_word' id='word_1_188' title='bbox 171 2214 382 2268; x_wconf 83' lang='lat' dir='ltr'>Cassius</span> <span class='ocrx_word' id='word_1_189' title='bbox 405 2214 630 2282; x_wconf 81' lang='lat' dir='ltr'>Syriam,</span> <span class='ocrx_word' id='word_1_190' title='bbox 668 2215 718 2266; x_wconf 85' lang='lat' dir='ltr'>in</span> <span class='ocrx_word' id='word_1_191' title='bbox 740 2215 850 2267; x_wconf 88' lang='lat' dir='ltr'>dies</span> <span class='ocrx_word' id='word_1_192' title='bbox 872 2214 1064 2266; x_wconf 87' lang='lat' dir='ltr'>eorum</span> <span class='ocrx_word' id='word_1_193' title='bbox 1097 2212 1281 2280; x_wconf 88' lang='lat' dir='ltr'>copiae</span> <span class='ocrx_word' id='word_1_194' title='bbox 1310 2212 1661 2278; x_wconf 88' lang='lat' dir='ltr'>augebantur,</span> <span class='ocrx_word' id='word_1_195' title='bbox 1686 2227 1809 2263; x_wconf 87' lang='lat' dir='ltr'>mox</span> <span class='ocrx_word' id='word_1_196' title='bbox 1842 2210 1894 2261; x_wconf 92' lang='lat' dir='ltr'>in</span> <span class='ocrx_word' id='word_1_197' title='bbox 1913 2206 2138 2261; x_wconf 71' lang='lat' dir='ltr'>Italiam&#39;</span> 
     </span>
     <span class='ocr_line' id='line_1_24' title="bbox 170 2297 2115 2368; baseline -0.004 -13"><span class='ocrx_word' id='word_1_198' title='bbox 170 2302 441 2356; x_wconf 86' lang='lat' dir='ltr'>traiecturi</span> <span class='ocrx_word' id='word_1_199' title='bbox 466 2302 800 2354; x_wconf 89' lang='lat' dir='ltr'>videbantur.</span> <span class='ocrx_word' id='word_1_200' title='bbox 839 2302 1023 2368; x_wconf 88' lang='lat' dir='ltr'>ltaque</span> <span class='ocrx_word' id='word_1_201' title='bbox 1039 2301 1379 2364; x_wconf 81' lang='lat' dir='ltr'>Octavia1mS‚</span> <span class='ocrx_word' id='word_1_202' title='bbox 1398 2316 1518 2352; x_wconf 89' lang='lat' dir='ltr'>cum</span> <span class='ocrx_word' id='word_1_203' title='bbox 1543 2299 1892 2366; x_wconf 83' lang='lat' dir='ltr'>intellegeret‚·</span> <span class='ocrx_word' id='word_1_204' title='bbox 1911 2298 1951 2349; x_wconf 89' lang='lat' dir='ltr'>si</span> <span class='ocrx_word' id='word_1_205' title='bbox 1970 2297 2115 2348; x_wconf 84' lang='lat' dir='ltr'>Bruti</span> 
     </span>
     <span class='ocr_line' id='line_1_25' title="bbox 174 2380 2130 2458; baseline -0.004 -15"><span class='ocrx_word' id='word_1_206' title='bbox 174 2393 228 2444; x_wconf 92' lang='lat' dir='ltr'>et</span> <span class='ocrx_word' id='word_1_207' title='bbox 263 2389 427 2444; x_wconf 87' lang='lat' dir='ltr'>Cassii</span> <span class='ocrx_word' id='word_1_208' title='bbox 465 2390 650 2458; x_wconf 90' lang='lat' dir='ltr'>copiae</span> <span class='ocrx_word' id='word_1_209' title='bbox 689 2391 816 2442; x_wconf 87' lang='lat' dir='ltr'>satis</span> <span class='ocrx_word' id='word_1_210' title='bbox 851 2390 1226 2443; x_wconf 84' lang='lat' dir='ltr'>corroboratae</span> <span class='ocrx_word' id='word_1_211' title='bbox 1263 2393 1454 2452; x_wconf 89' lang='lat' dir='ltr'>essent,</span> <span class='ocrx_word' id='word_1_212' title='bbox 1490 2389 1587 2440; x_wconf 88' lang='lat' dir='ltr'>sibi</span> <span class='ocrx_word' id='word_1_213' title='bbox 1624 2404 1745 2440; x_wconf 89' lang='lat' dir='ltr'>cum</span> <span class='ocrx_word' id='word_1_214' title='bbox 1786 2387 1880 2438; x_wconf 88' lang='lat' dir='ltr'>illis</span> <span class='ocrx_word' id='word_1_215' title='bbox 1917 2388 1970 2437; x_wconf 90' lang='lat' dir='ltr'>in</span> <span class='ocrx_word' id='word_1_216' title='bbox 2007 2380 2130 2437; x_wconf 52' lang='lat' dir='ltr'>cer?</span> 
     </span>
     <span class='ocr_line' id='line_1_26' title="bbox 174 2474 2117 2545; baseline -0.004 -14"><span class='ocrx_word' id='word_1_217' title='bbox 174 2482 360 2531; x_wconf 86' lang='lat' dir='ltr'>tamen</span> <span class='ocrx_word' id='word_1_218' title='bbox 393 2479 825 2531; x_wconf 90' lang='lat' dir='ltr'>descendendum</span> <span class='ocrx_word' id='word_1_219' title='bbox 863 2480 975 2530; x_wconf 88' lang='lat' dir='ltr'>fore</span> <span class='ocrx_word' id='word_1_220' title='bbox 999 2494 1174 2545; x_wconf 89' lang='lat' dir='ltr'>neque</span> <span class='ocrx_word' id='word_1_221' title='bbox 1196 2494 1261 2530; x_wconf 57' lang='lat' dir='ltr'>‘se</span> <span class='ocrx_word' id='word_1_222' title='bbox 1288 2477 1400 2529; x_wconf 48' lang='lat' dir='ltr'>‘alio</span> <span class='ocrx_word' id='word_1_223' title='bbox 1431 2477 1574 2528; x_wconf 90' lang='lat' dir='ltr'>socio</span> <span class='ocrx_word' id='word_1_224' title='bbox 1602 2476 1933 2527; x_wconf 87' lang='lat' dir='ltr'>mediocriter</span> <span class='ocrx_word' id='word_1_225' title='bbox 1964 2474 2117 2524; x_wconf 83' lang='lat' dir='ltr'>firmo</span> 
     </span>
     <span class='ocr_line' id='line_1_27' title="bbox 172 2556 2114 2632; baseline -0.005 -13"><span class='ocrx_word' id='word_1_226' title='bbox 172 2581 395 2619; x_wconf 84' lang='lat' dir='ltr'>usurum</span> <span class='ocrx_word' id='word_1_227' title='bbox 433 2582 562 2632; x_wconf 89' lang='lat' dir='ltr'>esse,</span> <span class='ocrx_word' id='word_1_228' title='bbox 604 2566 699 2618; x_wconf 89' lang='lat' dir='ltr'>nisi</span> <span class='ocrx_word' id='word_1_229' title='bbox 725 2567 979 2630; x_wconf 87' lang='lat' dir='ltr'>Antoni0,</span> <span class='ocrx_word' id='word_1_230' title='bbox 1025 2582 1148 2618; x_wconf 89' lang='lat' dir='ltr'>cum</span> <span class='ocrx_word' id='word_1_231' title='bbox 1187 2583 1251 2618; x_wconf 92' lang='lat' dir='ltr'>eo</span> <span class='ocrx_word' id='word_1_232' title='bbox 1290 2581 1443 2617; x_wconf 88' lang='lat' dir='ltr'>arma</span> <span class='ocrx_word' id='word_1_233' title='bbox 1478 2556 2114 2629; x_wconf 57' lang='lat' dir='ltr'>coniungere&#39;constituit.</span> 
     </span>
     <span class='ocr_line' id='line_1_28' title="bbox 174 2645 2115 2721; baseline -0.004 -15"><span class='ocrx_word' id='word_1_234' title='bbox 174 2653 298 2706; x_wconf 86' lang='lat' dir='ltr'>Eius</span> <span class='ocrx_word' id='word_1_235' title='bbox 326 2669 542 2721; x_wconf 87' lang='lat' dir='ltr'>quoque</span> <span class='ocrx_word' id='word_1_236' title='bbox 574 2655 823 2706; x_wconf 86' lang='lat' dir='ltr'>interesse</span> <span class='ocrx_word' id='word_1_237' title='bbox 851 2654 1118 2717; x_wconf 86' lang='lat' dir='ltr'>iudicavit,</span> <span class='ocrx_word' id='word_1_238' title='bbox 1143 2657 1203 2707; x_wconf 88' lang='lat' dir='ltr'>ut</span> <span class='ocrx_word' id='word_1_239' title='bbox 1224 2653 1400 2705; x_wconf 89' lang='lat' dir='ltr'>valido</span> <span class='ocrx_word' id='word_1_240' title='bbox 1424 2653 1565 2703; x_wconf 87' lang='lat' dir='ltr'>socio</span> <span class='ocrx_word' id='word_1_241' title='bbox 1587 2654 1839 2712; x_wconf 88' lang='lat' dir='ltr'>uteretur,</span> <span class='ocrx_word' id='word_1_242' title='bbox 1864 2645 2115 2715; x_wconf 85' lang='lat' dir='ltr'>quoniam</span> 
     </span>
     <span class='ocr_line' id='line_1_29' title="bbox 169 2736 2112 2809; baseline -0.005 -15"><span class='ocrx_word' id='word_1_243' title='bbox 169 2741 216 2794; x_wconf 92' lang='lat' dir='ltr'>ei</span> <span class='ocrx_word' id='word_1_244' title='bbox 262 2742 402 2794; x_wconf 82' lang='lat' dir='ltr'>idern</span> <span class='ocrx_word' id='word_1_245' title='bbox 452 2742 748 2809; x_wconf 88' lang='lat' dir='ltr'>periculum</span> <span class='ocrx_word' id='word_1_246' title='bbox 794 2759 827 2794; x_wconf 91' lang='lat' dir='ltr'>a</span> <span class='ocrx_word' id='word_1_247' title='bbox 878 2742 1044 2794; x_wconf 87' lang='lat' dir='ltr'>Bruto</span> <span class='ocrx_word' id='word_1_248' title='bbox 1091 2741 1386 2808; x_wconf 31' lang='lat' dir='ltr'>‘Cassioque</span> <span class='ocrx_word' id='word_1_249' title='bbox 1446 2739 1692 2791; x_wconf 85' lang='lat' dir='ltr'>instabat.</span> <span class='ocrx_word' id='word_1_250' title='bbox 1778 2738 1954 2800; x_wconf 86' lang='lat' dir='ltr'>Quare</span> <span class='ocrx_word' id='word_1_251' title='bbox 2011 2736 2112 2787; x_wconf 79' lang='lat' dir='ltr'>iarn</span> 
     </span>
     <span class='ocr_line' id='line_1_30' title="bbox 114 2824 2115 2897; baseline -0.004 -15"><span class='ocrx_word' id='word_1_252' title='bbox 114 2833 121 2840; x_wconf 83' lang='lat'>&#39;</span> <span class='ocrx_word' id='word_1_253' title='bbox 168 2833 329 2882; x_wconf 86' lang='lat' dir='ltr'>antea</span> <span class='ocrx_word' id='word_1_254' title='bbox 378 2830 587 2897; x_wconf 88' lang='lat' dir='ltr'>saepius</span> <span class='ocrx_word' id='word_1_255' title='bbox 633 2830 905 2897; x_wconf 87' lang='lat' dir='ltr'>utriusque</span> <span class='ocrx_word' id='word_1_256' title='bbox 948 2830 1103 2882; x_wconf 89' lang='lat' dir='ltr'>amici</span> <span class='ocrx_word' id='word_1_257' title='bbox 1151 2845 1274 2881; x_wconf 91' lang='lat' dir='ltr'>eum</span> <span class='ocrx_word' id='word_1_258' title='bbox 1324 2844 1445 2880; x_wconf 90' lang='lat' dir='ltr'>cum</span> <span class='ocrx_word' id='word_1_259' title='bbox 1488 2826 1784 2878; x_wconf 89' lang='lat' dir='ltr'>Octaviano</span> <span class='ocrx_word' id='word_1_260' title='bbox 1841 2824 2115 2876; x_wconf 87' lang='lat' dir='ltr'>conciliare</span> 
     </span>
     <span class='ocr_line' id='line_1_31' title="bbox 168 2913 2113 2986; baseline -0.004 -16"><span class='ocrx_word' id='word_1_261' title='bbox 168 2918 496 2982; x_wconf 85' lang='lat' dir='ltr'>studuerant.</span> <span class='ocrx_word' id='word_1_262' title='bbox 544 2918 638 2970; x_wconf 88' lang='lat' dir='ltr'>His</span> <span class='ocrx_word' id='word_1_263' title='bbox 674 2919 831 2970; x_wconf 89' lang='lat' dir='ltr'>rebus</span> <span class='ocrx_word' id='word_1_264' title='bbox 866 2919 1125 2986; x_wconf 89' lang='lat' dir='ltr'>reputatis</span> <span class='ocrx_word' id='word_1_265' title='bbox 1176 2917 1501 2970; x_wconf 85' lang='lat' dir='ltr'>Octavianus</span> <span class='ocrx_word' id='word_1_266' title='bbox 1547 2916 1692 2967; x_wconf 89' lang='lat' dir='ltr'>brevi</span> <span class='ocrx_word' id='word_1_267' title='bbox 1740 2917 1858 2980; x_wconf 89' lang='lat' dir='ltr'>post</span> <span class='ocrx_word' id='word_1_268' title='bbox 1910 2913 2113 2964; x_wconf 87' lang='lat' dir='ltr'>cladem</span> 
     </span>
     <span class='ocr_line' id='line_1_32' title="bbox 172 3005 2113 3073; baseline -0.004 -14"><span class='ocrx_word' id='word_1_269' title='bbox 172 3007 389 3059; x_wconf 83' lang='lat' dir='ltr'>Antonii</span> <span class='ocrx_word' id='word_1_270' title='bbox 438 3010 624 3060; x_wconf 88' lang='lat' dir='ltr'>contra</span> <span class='ocrx_word' id='word_1_271' title='bbox 658 3007 718 3060; x_wconf 94' lang='lat' dir='ltr'>P.</span> <span class='ocrx_word' id='word_1_272' title='bbox 757 3007 1078 3071; x_wconf 86' lang='lat' dir='ltr'>Ventidium,</span> <span class='ocrx_word' id='word_1_273' title='bbox 1127 3007 1214 3073; x_wconf 88' lang='lat' dir='ltr'>qui</span> <span class='ocrx_word' id='word_1_274' title='bbox 1254 3005 1487 3058; x_wconf 89' lang='lat' dir='ltr'>Antonio</span> <span class='ocrx_word' id='word_1_275' title='bbox 1525 3019 1830 3055; x_wconf 87' lang='lat' dir='ltr'>succurrere</span> <span class='ocrx_word' id='word_1_276' title='bbox 1868 3016 2113 3068; x_wconf 82' lang='lat' dir='ltr'>propera·</span> 
     </span>
     <span class='ocr_line' id='line_1_33' title="bbox 170 3092 2113 3159; baseline -0.005 -11"><span class='ocrx_word' id='word_1_277' title='bbox 170 3095 278 3159; x_wconf 84' lang='lat' dir='ltr'>bat,</span> <span class='ocrx_word' id='word_1_278' title='bbox 318 3095 454 3147; x_wconf 82' lang='lat' dir='ltr'>nihil·</span> <span class='ocrx_word' id='word_1_279' title='bbox 480 3096 621 3148; x_wconf 79' lang='lat' dir='ltr'>fecit.</span> <span class='ocrx_word' id='word_1_280' title='bbox 678 3096 723 3148; x_wconf 81' lang='lat' dir='ltr'>is</span> <span class='ocrx_word' id='word_1_281' title='bbox 759 3097 901 3148; x_wconf 90' lang='lat' dir='ltr'>enim</span> <span class='ocrx_word' id='word_1_282' title='bbox 949 3097 1054 3147; x_wconf 89' lang='lat' dir='ltr'>iam</span> <span class='ocrx_word' id='word_1_283' title='bbox 1093 3092 1299 3147; x_wconf 89' lang='lat' dir='ltr'>dudum</span> <span class='ocrx_word' id='word_1_284' title='bbox 1334 3110 1454 3146; x_wconf 89' lang='lat' dir='ltr'>cum</span> <span class='ocrx_word' id='word_1_285' title='bbox 1496 3092 1703 3144; x_wconf 88' lang='lat' dir='ltr'>duabus</span> <span class='ocrx_word' id='word_1_286' title='bbox 1743 3093 2113 3141; x_wconf 89' lang='lat' dir='ltr'>veteranorum</span> 
     </span>
     <span class='ocr_line' id='line_1_34' title="bbox 170 3177 2115 3250; baseline -0.005 -14"><span class='ocrx_word' id='word_1_287' title='bbox 170 3183 462 3250; x_wconf 83' lang='lat' dir='ltr'>legionibus</span> <span class='ocrx_word' id='word_1_288' title='bbox 507 3185 575 3236; x_wconf 89' lang='lat' dir='ltr'>ad</span> <span class='ocrx_word' id='word_1_289' title='bbox 635 3185 931 3236; x_wconf 84' lang='lat' dir='ltr'>Antonium</span> <span class='ocrx_word' id='word_1_290' title='bbox 981 3184 1204 3236; x_wconf 88' lang='lat' dir='ltr'>transire</span> <span class='ocrx_word' id='word_1_291' title='bbox 1251 3182 1508 3244; x_wconf 84' lang='lat' dir='ltr'>voluerat,</span> <span class='ocrx_word' id='word_1_292' title='bbox 1566 3180 1659 3232; x_wconf 91' lang='lat' dir='ltr'>sed</span> <span class='ocrx_word' id='word_1_293' title='bbox 1705 3179 1773 3231; x_wconf 93' lang='lat' dir='ltr'>ab</span> <span class='ocrx_word' id='word_1_294' title='bbox 1825 3177 2115 3229; x_wconf 90' lang='lat' dir='ltr'>Octaviano</span> 
     </span>
     <span class='ocr_line' id='line_1_35' title="bbox 172 3264 2116 3341; baseline -0.005 -18"><span class='ocrx_word' id='word_1_295' title='bbox 172 3273 225 3323; x_wconf 88' lang='lat' dir='ltr'>et</span> <span class='ocrx_word' id='word_1_296' title='bbox 260 3270 431 3323; x_wconf 91' lang='lat' dir='ltr'>Hirtio</span> <span class='ocrx_word' id='word_1_297' title='bbox 467 3276 594 3324; x_wconf 90' lang='lat' dir='ltr'>ante</span> <span class='ocrx_word' id='word_1_298' title='bbox 627 3273 900 3341; x_wconf 60' lang='lat' dir='ltr'>proeliumv</span> <span class='ocrx_word' id='word_1_299' title='bbox 925 3273 995 3324; x_wconf 88' lang='lat' dir='ltr'>ad</span> <span class='ocrx_word' id='word_1_300' title='bbox 1031 3272 1228 3328; x_wconf 87' lang='lat' dir='ltr'>Forum</span> <span class='ocrx_word' id='word_1_301' title='bbox 1262 3270 1536 3324; x_wconf 88' lang='lat' dir='ltr'>Gallorum</span> <span class='ocrx_word' id='word_1_302' title='bbox 1574 3268 1772 3320; x_wconf 87' lang='lat' dir='ltr'>factum</span> <span class='ocrx_word' id='word_1_303' title='bbox 1809 3264 2116 3317; x_wconf 85' lang='lat' dir='ltr'>interclusus</span> 
     </span>
     <span class='ocr_line' id='line_1_36' title="bbox 172 3347 2113 3422; baseline -0.007 -3"><span class='ocrx_word' id='word_1_304' title='bbox 172 3362 303 3419; x_wconf 76' lang='lat' dir='ltr'>erat.</span> <span class='ocrx_word' id='word_1_305' title='bbox 373 3359 513 3419; x_wconf 81' lang='lat' dir='ltr'>Tum</span> <span class='ocrx_word' id='word_1_306' title='bbox 579 3376 706 3419; x_wconf 78' lang='lat' dir='ltr'>vero</span> <span class='ocrx_word' id='word_1_307' title='bbox 774 3347 1098 3422; x_wconf 83' lang='lat' dir='ltr'>Octavianus</span> <span class='ocrx_word' id='word_1_308' title='bbox 1163 3358 1462 3422; x_wconf 41' lang='lat' dir='ltr'>commisi&amp;</span> <span class='ocrx_word' id='word_1_309' title='bbox 1507 3359 1571 3414; x_wconf 73' lang='lat' dir='ltr'>ut.</span> <span class='ocrx_word' id='word_1_310' title='bbox 1622 3355 1671 3406; x_wconf 90' lang='lat' dir='ltr'>is</span> <span class='ocrx_word' id='word_1_311' title='bbox 1717 3369 1838 3408; x_wconf 89' lang='lat' dir='ltr'>cum</span> <span class='ocrx_word' id='word_1_312' title='bbox 1880 3351 2113 3408; x_wconf 86' lang='lat' dir='ltr'>Antonio</span> 
     </span>
    </p>
   </div>
  </div>
 </body>
</html>
