2358 3892
1213 206 1276 259 18

419 363 618 418 Deinde
694 362 908 416 fuerunt
985 360 1072 427 qui
1139 357 1414 410 censerent
1479 354 1766 409 coniuratis
1833 355 1912 410 vel
1972 354 2210 424 praemia

253 472 363 507 esse
418 454 623 518 danda,
693 452 777 504 alii
843 448 1080 517 praemia
1135 446 1222 498 illa
1277 444 1492 511 quidem
1544 445 1832 498 concedere
1890 445 2191 510 noluerunt,

254 545 448 612 quippe
486 543 576 610 qui
613 557 680 592 ne
717 540 812 606 ipsi
851 537 1067 605 quidem
1100 534 1486 601 poposcissent,
1539 533 1632 585 sed
1672 533 1872 598 gratias
1905 550 2065 600 agere¹
2100 534 2191 598 εἰς,

255 635 314 683 ut
358 632 492 683 bene
538 630 604 681 de
649 645 705 680 re
754 626 962 694 publica
999 623 1210 675 meritis,
1277 621 1380 674 Alii
1417 621 1587 674 solam
1622 621 2042 693 incolumitatem
2076 638 2191 676 esse

254 718 666 786 promittendam
703 716 774 768 eis
811 714 1151 766 censuerunt.

389 807 539 871 Quae
587 821 708 857 cum
755 804 827 855 ita
878 803 1076 864 essent,
1125 815 1323 867 magna
1369 798 1621 852 dissensio
1673 801 1752 852 est
1790 799 1946 852 facta.
2016 797 2107 852 Ad
2138 799 2194 853 id

257 985 465 1050 vellent,
503 984 664 1035 etiam
701 982 773 1034 eis
808 980 1147 1046 magistratus
1185 980 1237 1030 et
1271 978 1571 1046 provincias
1595 994 1713 1030 esse
1731 977 2044 1031 adimendas
2075 991 2203 1045 pro-

258 1076 420 1127 fessus
449 1076 543 1135 est,
583 1088 716 1138 quas
751 1087 845 1138 per
870 1069 1150 1123 Caesarem
1179 1067 1505 1135 accepissent
1529 1066 1612 1122 vel
1640 1083 1706 1120 ex
1733 1067 2004 1126 actiseius
2028 1068 2204 1119 essent

258 1163 537 1231 accepturi.
626 1162 762 1213 Tum
816 1175 1012 1225 magna
1066 1159 1458 1212 sententiarum
1505 1159 1856 1211 commutatio
1910 1161 1994 1212 ost
2044 1158 2203 1210 facta.

257 1252 526 1314 Nonnulli,
562 1250 705 1302 velut
724 1249 1015 1312 Dolabella,
1053 1247 1208 1301 nimis
1238 1247 1535 1300 iuveniliter
1572 1248 1638 1300 de
1674 1262 1890 1300 summa>
1921 1247 2092 1300 salute
2121 1247 2207 1312 agi

261 1342 388 1404 rati,
438 1340 696 1392 sententia
749 1338 1105 1390 decesserunt.
1189 1338 1312 1402 Q'uo'
1363 1337 1537 1400 fact0,
1593 1337 1860 1390 Antonius
1914 1335 2207 1389 orationem

262 1429 471 1492 habuit,
522 1444 628 1494 qua
676 1428 821 1494 pacis
872 1442 1034 1480 causa
1071 1428 1554 1494 veteranorumque
1591 1426 1761 1493 gratia
1800 1431 2212 1497 commendavit,

268 1522 325 1570 ut
363 1520 482 1570 acta
514 1515 835 1582 consiliaque
866 1515 1106 1568 Caesaris
1145 1517 1498 1571 retinerentur
1533 1522 1757 1587 rataque
1794 1519 1997 1586 fierent,
2030 1524 2213 1576 aucto-

270 1623 351 1658 res
390 1606 529 1657 necis
567 1620 632 1655 ne
670 1604 914 1671 praemiis
952 1604 1305 1667 afficerentur,
1341 1607 1502 1659 modo
1538 1608 1827 1675 impunitas
1860 1610 1932 1662 eis
1960 1612 2216 1664 concede-

266 1698 426 1746 retur.
487 1693 622 1745 Turn
662 1693 714 1744 in
755 1708 870 1744 eam
910 1694 1228 1745 sententiam
1266 1694 1316 1746 S.
1346 1694 1401 1748 C.
1437 1699 1515 1748 est
1550 1697 1766 1759 factum,
1799 1713 1868 1750 ne
1905 1699 1970 1752 de
1990 1699 2217 1753 Caesare

261 1782 534 1834 interfecto
586 1782 827 1848 quaestio
871 1781 1187 1845 haberetur,
1240 1785 1469 1851 actaque
1494 1784 1832 1854 ‘decretaque
1876 1790 1992 1841 rata
2038 1792 2215 1842 essent

270 1872 445 1939 »quod
483 1870 807 1937 erepublica
845 1874 1028 1922 esset«.
1102 1871 1158 1922 Id
1201 1873 1360 1936 enim,
1398 1876 1458 1925 ut
1493 1879 1870 1942 apponeretur,
1903 1877 2058 1929 amici
2090 1893 2215 1931 con-

256 1961 551 2012 iuratorum
587 1959 888 2011 effecerant.

393 2048 471 2101 De
499 2048 629 2100 actis
655 2048 750 2099 illis
779 2047 1034 2114 Caesaris
1063 2049 1319 2115 quoniam
1350 2066 1541 2116 parum
1572 2051 1748 2104 adhuc
1773 2053 1952 2156 omnia
1980 2052 2211 2156 dilucida

257 2139 395 2202 sunt,
435 2137 539 2188 iam
578 2137 738 2203 paulo
777 2121 1077 2189 accuratius
1115 2137 1305 2189 dicam.

336 2225 470 2277 Ac
508 2225 738 2292 primum
797 2225 1011 2292 quidem
1063 2226 1190 2293 quid
1238 2225 1396 2278 fuerit
1431 2227 1505 2279 in
1553 2228 1686 2280 actis
1734 2227 1977 2282 Caesaris
2026 2229 2210 2296 paucis

255 2313 585 2380 explicemus
678 2313 958 2381 Triplicem
1025 2314 1163 2366 enim
1225 2315 1661 2380 significationem
1713 2318 1766 2369 in
1806 2334 1887 2372 ,eo
1943 2316 2210 2383 ‘vocabulo

255 2402 424 2454 inesse
486 2402 661 2454 docuit
711 2401 1041 2467 Huebner1).
1135 2403 1313 2456 Liceat
1375 2404 1505 2456 mihi
1568 2421 1743 2472 pauca
1792 2423 1857 2458 ex
1905 2405 2006 2469 εἰς,
2069 2421 2212 2474 quae

256 2490 522 2552 disseruit,
578 2490 631 2541 in
676 2491 909 2542 medium
961 2491 1215 2558 proferre.
1300 2492 1468 2545 »Nam
1518 2494 1748 2561 primum
1802 2495 2013 2553 abeo,
2063 2494 2211 2562 quod

255 2578 648 2643 magistratibus
707 2579 965 2631 Romanis
1033 2596 1155 2632 cum
1226 2582 1423 2648 populo
1485 2583 1674 2649 agendi
1734 2583 1815 2635 ius
1875 2586 1987 2637 erat
2049 2599 2210 2651 quae-

259 2682 468 2733 cunque
503 2666 843 2732 magistratus
865 2668 1052 2735 aliquis
1088 2685 1187 2736 pro
1223 2673 1487 2736 potestate
1511 2687 1609 2724 sua
1645 2671 1727 2724 vel
1766 2672 1984 2738 imperio
2009 2672 2212 2724 fecisset

258 2751 365 2806 ὅσα
410 2755 618 2820 ἔπραξέ
665 2774 724 2804 τε
778 2756 867 2805 καὶ
922 2755 1208 2822 πράξειεν,
1265 2762 1326 2811 ut
1377 2759 1658 2827 Appianus
1713 2760 1831 2814 bell.
1877 2761 1974 2814 civ.
2031 2760 2086 2825 5,
2145 2760 2211 2812 75

262 2843 350 2907 ait,
391 2858 453 2894 ea
491 2845 605 2894 acta
649 2843 759 2894 eius
796 2844 1225 2910 appellabantur.
1265 2866 1330 2884 -—·-
1368 2848 1445 2901 Ex
1476 2847 1580 2902 Cic.
1619 2849 1753 2903 Phil.
1795 2849 1840 2910 1,
1868 2841 2084 2902 -154-26
2121 2865 2213 2917 ap-

262 2933 431 2998 paret,
468 2931 520 2981 id
545 2931 689 2997 quod
729 2932 933 2983 dudum
963 2933 1303 2988 observatum
1329 2940 1422 3001 est,
1458 2941 1576 2990 acta
1602 2938 1668 2990 de
1704 2939 1775 2989 eis
1812 2938 1986 3004 potius
2013 2937 2216 3003 intelle·

265 3020 438 3085 genda
480 3035 607 3080 esse,
647 3036 784 3085 quae
822 3024 1032 3085 togatus
1071 3023 1250 3075 fecerit
1298 3026 1657 3091 magistratus,
1694 3043 1856 3093 quam
1899 3042 2036 3093 quae
2072 3025 2218 3094 pala-

260 3108 444 3168 datus3
503 3123 669 3173 quare
707 3107 873 3172 legeS,
924 3109 1120 3171 edicta,
1169 3111 1405 3176 decreta,
1450 3114 1637 3166 iudicia
1675 3115 1894 3182 perinde
1924 3130 1988 3166 ac
2019 3114 2216 3168 liberae

259 3194 575 3262 reipublicae
602 3195 1017 3260 magistratuum
1054 3198 1213 3250 etiam
1245 3200 1629 3267 imperatorum
1667 3202 1718 3255 in
1741 3203 1874 3255 actis
1908 3202 2070 3255 fuisse
2091 3218 2216 3255 con-

258 3286 573 3335 sentaneum
628 3284 722 3334 est.
815 3283 1017 3335 Deinde
1070 3300 1177 3336 non
1233 3289 1477 3353 tantum,
1541 3306 1680 3357 quae
1702 3298 1705 3303 '
1729 3285 2078 3358 magistratus
2121 3291 2215 3344 ali—

375 3466 422 3520 1)
453 3463 644 3510 Jahrbb.
677 3466 707 3509 f.
739 3458 876 3510 klass.
909 3466 1031 3510 Phil.
1063 3465 1146 3510 111.
1180 3466 1336 3523 Suppl.
1370 3483 1411 3525 p.
1440 3473 1523 3517 559
1537 3474 1584 3518 ff.
