2358 3892
1189 202 1267 254 4οζ

324 347 455 416 Apr.
488 347 581 399 15·
633 346 711 398 Eo
764 347 847 399 die
893 345 1099 400 Caesar
1134 349 1387 415 primum
1412 351 1699 416 impelator
1746 350 2043 417 appellatus
2093 341 2212 404 θεῖ’

428 434 752 502 Supplicatio
788 434 1034 487 Felicitati
1072 434 1328 504 imperil«.

259 525 410 588 Quae
458 524 500 575 si
543 523 642 575 ita
678 525 878 586 essent,
945 538 1051 574 non
1112 525 1287 576 minus
1340 526 1393 576 in
1445 525 1718 590 angustias
1769 526 2093 590 veniremus,
2150 527 2193 578 si

262 628 383 664 cum
420 611 631 676 nuntio,
684 626 791 677 quo
830 610 1179 663 Octavianum
1215 628 1263 664 a.
1301 612 1351 664 d.
1391 611 1572 664 XVIII„
1610 614 1662 663 et
1698 610 1853 663 XVII.
1884 611 1998 665 Kal.
2029 611 2194 666 Maias

260 715 525 767 pugnasse
575 702 624 750 et
676 699 863 764 fugisse
913 697 1154 762 affertur,
1204 699 1357 752 nobis
1406 699 1846 766 coniungendam,
1887 703 2030 753 esset
2067 702 2212 755 eum'

260 788 461 854 vesperi
506 802 553 838 a.
592 786 642 838 d.
679 786 833 838 XVII.
879 786 994 838 Kal.
1043 787 1209 840 Maias
1261 788 1633 855 imperatorem
1692 803 1804 840 esse
1852 787 2195 855 appellatum.

260 875 367 927 Nisi
404 874 536 926 forte
572 874 760 926 milites
796 874 1093 926 vehementi
1132 875 1334 940 gaudio·
1362 876 1608 929 victoriae
1645 875 1830 942 elatos,
1865 875 2053 943 quovis
2089 875 2196 929 iam

262 962 561 1014 discrimine
599 962 733 1013 inter
772 962 969 1014 ducum
1009 963 1196 1015 merita
1229 963 1455 1029 sublato,
1493 979 1933 1031 unumquemque
1969 954 2198 1031 impera*-

260 1054 428 1102 torem
476 1049 820 1116 appellavisse
864 1053 1132 1116 putamus,
1206 1050 1364 1115 Quod
1402 1054 1462 1103 ut
1502 1051 1676 1117 fieret,
1716 1050 2067 1104 Octavianum
2102 1051 2214 1105 ad-'

266 1138 421 1189 fuisse
470 1137 687 1189 omnino
734 1153 943 1189 necesse
995 1141 1097 1202 est,
1145 1138 1196 1190 id
1247 1139 1392 1206 quod
1439 1128 1551 1191 fieri
1600 1155 1710 1191 non
1745 1139 1937 1206 potuit,
1982 1139 2025 1191 si
2061 1155 2110 1192 a.
2147 1139 2197 1192 da

260 1225 436 1278 XVIII.
474 1225 553 1276 vel
591 1225 744 1277 XVII
780 1226 893 1278 Kal
924 1226 1089 1279 Maias
1127 1227 1359 1294 fugisset.
1425 1228 1580 1280 Adde
1618 1228 1763 1295 quod
1797 1230 2019 1280 senatus
2051 1227 2200 1281 nullo

260 1314 420 1365 modo
470 1313 842 1380 impelatorem
890 1315 1158 1382 appellare
1209 1316 1379 1383 potuit
1415 1315 1726 1380 Caesarem,
1776 1316 1818 1368 si
1859 1315 2007 1368 illum
2045 1316 2201 1382 fugae

260 1418 315 1453 se
350 1401 556 1454 dedisse
590 1405 923 1469 compertum
961 1402 1250 1456 habuisset.
1311 1438 1319 1445 -
2214 1410 2218 1413 ’

397 1489 625 1541 Verum
651 1493 830 1542 tamen
877 1492 1276 1544 concedendum
1324 1495 1431 1556 est,
1477 1490 1520 1543 si
1569 1491 1866 1544 Antonium
1920 1490 2222 1544 mentitum·

259 1594 371 1629 esse
418 1581 650 1641 constet,
686 1578 829 1630 nihil
885 1579 1145 1644 obstare,
1184 1596 1274 1632 ne⁴
1313 1567 1481 1647 prius
1521 1579 1649 1631 illud
1710 1578 2000 1646 proelium,
2029 1578 2221 1633 'cuius

258 1666 541 1718 Suetonius
598 1667 914 1719 mentionem
958 1667 1109 1732 facit,
1172 1669 1223 1721 id
1271 1663 1630 1734 intellegatur,
1688 1667 1834 1735 quod
1881 1666 1951 1720 ad
2007 1667 2221 1720 Forum—

258 1754 524 1806 Gallorum
562 1755 755 1807 factum
794 1758 886 1807 est.
2019 1770 2022 1773 ’

395 1841 496 1894 Sed
516 1841 649 1894 haec
674 1842 947 1895 hactenus
996 1844 1261 1897 Antonius
1290 1847 1488 1909 autem,
1510 1859 1719 1896 memor
1745 1843 1906 1897 cladis
1925 1843 2088 1896 modo
2113 1851 2224 1896 ac&

259 1934 458 1997 ceptae,
495 1946 616 1982 cum
643 1932 888 1984 omnibus
909 1933 1068 2000 copiis
1098 1933 1151 1984 in
1176 1936 1447 1986 certamen
1474 1932 1792 1985 descendere
1816 1924 2226 1985 noluitlmmo?

258 2019 434 2070 hostes
468 2035 562 2085 per
587 2020 786 2086 equites
822 2020 1074 2074 lacessere
1110 2022 1349 2086 institust,
1387 2022 1555 2074 donec
1580 2021 1794 2085 BrutUS‚
1831 2021 1972 2073 fame
1992 2020 2228 2075 contri&

258 2110 359 2171 tuS,
389 2107 454 2158 de
475 2108 740 2160 deditione
760 2109 1029 2175 cogitaret.
1054 2109 1204 2162 -Tum
1229 2126 1354 2162 vero
1371 2108 1614 2162 consules
1633 2109 1703 2162 ad
1723 2109 1948 2161 alteram
1964 2106 2229 2160 Mutinae

261 2199 462 2261 partem
512 2196 729 2262 profecti
774 2200 926 2262 sunt,
977 2215 1116 2266 quae
1161 2199 1347 2250 ⁴minus
1399 2201 1555 2250 caute
1599 2196 2009 2250 custodiebatur.
2060 2193 2230 2260 *Qua

261 2283 325 2336 de
374 2300 431 2334 re
482 2285 671 2336 certior
718 2285 889 2338 factus
926 2287 1193 2339 Antonius
1241 2303 1441 2355 paucos
1493 2287 1665 2354 primo
1708 2286 1916 2338 milites·
1939 2300 2018 2337 eo*
2041 2284 2217 2337 misitx·

261 2371 411 2422 Brevi
462 2375 639 2424 autem
682 2390 764 2425 res
809 2375 863 2425 in
899 2390 1156 2441 magnum
1193 2376 1472 2428 discrimen
1507 2375 1667 2427 venit.
1726 2374 1882 2426 'Tur-n
1919 2367 2210 2439 Antonius,-

260 2459 466 2511 duabus
503 2461 794 2526 legionibus
830 2463 1087 2527 adductiS,
1129 2479 1247 2515 cum
1287 2467 1493 2516 ceterae
1527 2463 1654 2515 satis
1692 2461 2227 2518 celeriter-adveniret*

261 2563 366 2598 non
394 2552 624 2613 possent,
657 2566 906 2617 magnam
939 2552 1145 2604 cladem
1173 2553 1392 2620 accepit.
1435 2552 1636 2604 Hirtius
1661 2556 1860 2615 autem,
1889 2565 2013 2602 eum
2033 2547 2227 2602 auda-‚2

262 2635 370 2685 cius
419 2635 469 2686 in
507 2637 722 2688 Antonii
761 2642 934 2692 castra
974 2641 1260 2708 irrupisset,
1298 2641 1365 2693 ibi
1404 2641 1477 2692 ad
1511 2641 1687 2708 ipsum
1724 2636 2065 2707 praetorium*
2088 2638 2231 2690 eius:

264 2722 460 2774 fortiter
512 2739 756 2790 pugnans
793 2728 992 2781 cecidit.
1034 2728 1272 2796 -Corpus
1308 2746 1342 2781 a
1379 2728 1603 2782 Caesare
1641 2727 2231 2781 ahshostihus-defen-.2

261 2825 374 2860 sum
413 2811 463 2861 in
512 2816 683 2865 castra
721 2816 996 2868 reductum
1035 2821 1128 2870 est.
1199 2818 1319 2882 Quo
1366 2818 1508 2871 facto
1543 2818 1754 2885 utrique
1790 2817 1844 2868 in
1881 2816 2222 2869 armisnocej

261 2900 364 2950 tem
409 2900 683 2965 degerunt.
756 2904 870 2956 Hoc
909 2906 1163 2971 proelium
1194 2907 1490 2960 Mutinense
1528 2907 1832 2974 saepissime
1864 2912 2224 2974 cumi-pugna*

263 2987 407 3052 apud
434 2988 623 3040 Forum
651 2991 921 3044 Gallorum
962 2996 1102 3048 facta
1133 2998 1410 3048 confusum
1443 2999 1536 3048 est.
1560 3026 1561 3029 =
1591 2996 1939 3051 Bruma-nnus
1955 2998 2145 3049 autem
2161 2995 2205 3062 ¹)
2229 3039 2233 3043 .

261 3075 456 3140 optime
493 3072 564 3133 de,
595 3094 657 3129 ea
694 3095 752 3130 re
789 3081 1045 3133 disseruit.
1120 3084 1388 3138 Exercitus
1424 3085 1566 3138 enim
1603 3101 1653 3138 a.
1685 3085 1739 3137 d.
1773 3085 1904 3138 XVI.
1931 3084 2047 3138 Kal.
2075 3083 2232 3138 Mais

263 3178 294 3213 a
331 3162 466 3214 Foro
501 3163 768 3217 Gallorum
807 3169 1105 3233 redierunt3
1159 3173 1378 3238 BrutuS,
1426 3191 1546 3226 cum
1585 3174 1836 3226 liberatus
1874 3175 2032 3238 esset,
2067 3172 2197 3238 ald.

378 3353 423 3405 1)
453 3351 489 3405 l,
518 3352 614 3397 309.
