2358 3892
1219 201 1288 256 34

283 354 425 405 raret
472 350 614 404 illam
663 350 916 418 legionem
951 367 1014 403 eo
1054 350 1137 403 die
1176 352 1319 403 omni
1355 350 1529 403 studio
1566 351 1827 404 enisuram
1867 369 2006 416 esse,
2048 355 2109 406 ut
2143 346 2224 406 in²-

281 440 438 492 iurias
474 440 571 492 sibi
610 440 815 492 oblatas
851 438 1207 502 ulcisceretur,
1249 439 1295 491 ei
1326 439 1540 491 insidias
1575 439 1748 491 locare
1777 443 1998 494 conatus
2025 442 2223 495 tricesi-

280 545 422 580 mam
473 528 732 595 legionem
776 526 1000 579 reduxit.
1081 526 1200 590 Quo
1250 526 1418 590 fact0,
1465 542 1585 578 cum
1637 526 1922 580 adversarii
1960 528 2222 583 incautius

279 617 440 668 secuti
490 616 807 684 quingentos
855 630 1041 682 passus
1085 613 1227 666 ultra
1282 614 1448 667 aciem
1487 613 1890 680 processissent,
1934 616 2027 669 ubi
2063 621 2223 672 antea

279 704 521 768 fuerant,
570 707 684 755 tum
733 719 859 755 vero
909 702 1130 755 Antonii
1178 701 1410 770 equiteS‚
1462 703 1513 753 in
1565 702 1755 770 quibus
1791 703 1958 755 Mauri
2007 697 2220 774 quoque

280 796 446 856 erant,
466 809 585 844 cum
606 809 671 844 ex
689 791 882 843 insidiis
902 791 1216 858 erupissent,
1235 790 1564 843 exanimatos
1585 792 1696 843 illos
1714 792 1848 844 adeo
1864 792 2221 860 perculerunt,

282 884 337 933 ut
374 881 521 933 brevi
571 880 750 933 omnia
797 879 1253 947 perturbarentur.
1323 879 1494 932 Galba
1538 895 1792 947 magnum
1831 881 1881 932 in
1919 880 2214 948 periculum

281 969 451 1032 venit,
502 985 570 1021 ne
617 985 651 1021 a
694 968 799 1021 suis
836 969 946 1035 ipse
983 968 1396 1031 interficeretur,
1444 983 1563 1020 cum
1602 969 1803 1020 medios
1839 969 1892 1020 in
1930 969 2106 1022 hostes
2141 969 2224 1022 in—

281 1058 542 1110 currisset.
601 1057 1075 1110 Vehementissime
1113 1057 1272 1108 etiam
1311 1055 1364 1108 in
1399 1055 1485 1108 via
1515 1055 1738 1109 Aemilia
1779 1058 2086 1110 dimicatum
2123 1061 2220 1124 est,

283 1146 371 1198 ubi
399 1146 674 1198 Octaviani
704 1146 892 1198 cohors
924 1146 1187 1212 praetoria
1224 1161 1378 1198 caesa
1403 1147 1497 1197 est.
1553 1145 1834 1198 Praeclare
1858 1147 1926 1198 de
1950 1162 2012 1200 ea
2039 1138 2221 1215 pugna

282 1236 484 1302 scripsit
513 1235 793 1303 Appianus
831 1235 900 1301 (3,
919 1235 1026 1299 68).
1087 1234 1143 1285 ln
1171 1235 1379 1287 sinistro
1405 1237 1583 1286 autem
1613 1251 1796 1298 cornu,
1820 1238 2101 1303 postquam
2130 1235 2222 1288 diu

282 1325 506 1392 ancipite
533 1324 700 1377 Marte
735 1327 1033 1391 pugnatum
1075 1326 1168 1388 est,
1205 1339 1326 1376 cum
1354 1324 1533 1376 Pansa
1566 1324 1747 1376 consul
1777 1325 1969 1376 vulnus
1993 1315 2222 1392 accepis-

283 1417 378 1478 set,
415 1431 478 1466 eo
513 1429 728 1481 quoque
762 1414 877 1466 loco
910 1413 1243 1466 redeundum
1275 1417 1408 1476 erat,
1444 1414 1757 1480 praesertim
1782 1430 1902 1466 cum
1929 1413 2222 1481 periculum
2252 1418 2261 1421 “

285 1506 445 1567 esset,
499 1519 567 1555 ne
613 1502 684 1555 ab
736 1502 1001 1570 equitibus
1036 1502 1255 1554 Antonii
1293 1502 1795 1555 circumvenirentur
1826 1503 2029 1555 milites
2103 1503 2222 1568 Quo

286 1592 426 1646 facto
462 1592 545 1643 ille
581 1594 752 1644 castra
790 1591 1038 1654 hostium,
1077 1606 1217 1657 quae
1252 1591 1389 1643 inter
1425 1607 1659 1657 pugnam
1701 1608 1731 1644 a
1756 1577 2036 1660 Torquato
2059 1609 2223 1662 quae-

284 1680 424 1731 store
451 1683 602 1731 erant
624 1679 763 1731 vallo
792 1679 1019 1744 munita,
1044 1695 1356 1746 oppugnare
1375 1679 1614 1731 instituit.
1662 1679 1945 1734 Celerrime
1971 1681 2167 1735 tirones
2182 1683 2222 1746 ¹)

287 1771 461 1820 tutum
512 1768 656 1820 illum
703 1768 877 1820 locum
930 1767 1258 1834 petiverunt,
1306 1766 1395 1819 ubi
1445 1768 1812 1833 consisterent,
1862 1769 1998 1834 legio
2032 1769 2222 1828 Martia

281 1858 428 1910 iuxta
467 1857 661 1910 vallum
704 1857 965 1924 impetum
1000 1856 1272 1921 sustinuit,
1319 1858 1371 1908 et
1408 1872 1736 1924 quamquam
1777 1857 2034 1932 attenuati
2071 1841 2222 1910 erant

275 1944 512 2011 ¹ordineS‚
577 1946 791 2012 dignam
848 1963 903 1998 se
948 1946 1232 2014 praestitit,
1283 1961 1421 2012 quae
1469 1945 1554 1998 illo
1603 1946 1819 1998 nomine
1868 1943 2149 1999 ornaretur
2162 1946 2220 2012 ²).

281 2035 391 2087 Iam
428 2051 554 2087 vero
574 2035 838 2104 Antonius
872 2035 1110 2103 superior
1146 2034 1470 2087 discessurus
1494 2037 1606 2087 erat
1630 2035 1771 2086 visus
1795 2035 2008 2102 iamque
2033 2034 2222 2088 milites

278 2124 387 2176 eius
423 2123 717 2176 exultantes
751 2123 804 2175 in
844 2125 1019 2176 castra
1055 2122 1226 2175 redire
1262 2122 1623 2186 instituerunt,
1668 2139 1787 2174 cum
1826 2123 1999 2175 subito
2035 2123 2220 2176 eodem

277 2213 426 2275 loce,
467 2229 574 2279 quo
614 2212 750 2264 bene
784 2213 946 2264 modo
979 2228 1090 2264 rem
1129 2213 1429 2277 gesserant,
1475 2227 1508 2263 a
1543 2211 1844 2264 recentibus
1881 2212 2040 2280 copiis
2074 2211 2223 2280 petiti

279 2304 417 2353 sunt.
483 2301 653 2354 Aulus
689 2301 830 2353 enim
857 2300 1075 2363 Hirtius,
1113 2301 1261 2352 cuius
1301 2302 1474 2352 castra
1512 2299 1715 2352 circiter
1751 2300 2024 2366 sexaginta
2051 2299 2221 2353 stadia

276 2391 506 2442 aberant
557 2405 589 2442 a
625 2389 762 2442 Foro
798 2388 1098 2452 Gallorum,
1151 2404 1273 2440 cum
1323 2390 1514 2456 quarta
1563 2391 1614 2439 et
1651 2388 1873 2455 septima
1911 2388 2115 2454 legione
2151 2387 2221 2462 ad

279 2481 490 2545 tempus
546 2477 789 2542 advenit,
852 2480 909 2528 ut
963 2477 1201 2529 Antonio
1256 2476 1528 2528 victoriam
1595 2493 1623 2526 e
1680 2475 1930 2527 manibus
1979 2475 2220 2544 eriperet.

280 2566 421 2618 Tum
458 2582 584 2618 vero
612 2565 1070 2617 vehementissime
1102 2567 1400 2632 pugnatum
1430 2567 1522 2626 est,
1561 2563 1761 2615 Hirtius
1785 2564 1912 2630 ipse,
1949 2566 2007 2615 ut
2032 2563 2222 2617 milites

278 2656 347 2707 ad
370 2655 587 2722 quaevis
606 2654 838 2721 pericula
861 2653 1138 2706 subeunda
1158 2653 1460 2720 impelleret,
1487 2651 1720 2719 aquilam
1747 2655 1933 2704 tenens
1948 2652 2002 2704 in
2019 2651 2223 2705 medios

282 2744 460 2796 hostes
514 2759 568 2794 se
627 2743 784 2795 dedit.
857 2742 976 2806 Quo
1040 2742 1238 2794 factum
1293 2743 1397 2805 est,
1462 2742 1522 2792 ut
1575 2742 1730 2791 nocte
1794 2739 1983 2792 oborta
2048 2740 2221 2793 Anto-

277 2832 396 2884 nius
445 2831 569 2897 fuga
621 2830 846 2884 salutem
896 2833 1125 2898 peteret,
1176 2829 1386 2883 duabus
1433 2827 1621 2895 aquilis
1670 2830 1723 2878 et
1757 2827 2029 2894 sexaginta
2065 2829 2224 2896 signis

269 2920 498 2972 amissis,
554 2920 661 2972 Nec
694 2936 819 2972 vero
847 2919 1047 2972 Hirtius
1079 2918 1296 2971 victoria
1334 2917 1406 2969 sic
1429 2919 1506 2968 uti
1534 2916 1720 2983 potuit,
1754 2918 1812 2967 ut
1844 2915 2000 2983 plane
2026 2917 2224 2970 delere-

278 3012 366 3061 tur
403 3008 621 3070 Antonii
661 3008 931 3061 exercitus.
1005 3006 1122 3059 Nox
1160 3006 1301 3058 enirn
1348 3005 1497 3058 irruit
1543 3006 1595 3073 et
1645 3004 1740 3055 loci
1777 3006 1972 3058 natura
2009 3004 2222 3070 Hirtius

428 3157 473 3211 l)
519 3156 637 3212 App.
670 3154 714 3212 3,
746 3156 822 3199 69:
863 3156 933 3197 καὶ
964 3155 1006 3195 οἵ
1044 3154 1237 3209 νεήλυδες
1266 3153 1426 3204 ὶδόντες
1457 3154 1627 3205 ἔφευγον
1663 3151 1856 3200 ἀτάκτως
1887 3144 1956 3194 nai
1986 3131 2096 3218 aad
2125 3142 2227 3207 βοῆξ

275 3230 316 3276 ἐς
358 3229 408 3268 τὸ
446 3227 699 3284 χαράκωμα,
741 3225 842 3284 ὅπερ
876 3227 1023 3275 αὐτοῖς
1058 3226 1299 3282 ἐξείργαστο
1329 3224 1349 3267 ὅ
1383 3228 1539 3274 ταμίας
1571 3223 1826 3278 Τορκουᾶτος
1865 3224 2122 3280 συνεστώσης
2144 3225 2225 3286 ἔτι

272 3299 351 3355 τῆς
377 3300 521 3354 μάχης
547 3298 782 3352 ὑπονοήσας
813 3301 856 3340 ἐν
887 3303 1011 3355 χρείᾳ
1039 3298 1309 3353 γενήσσθεαι.
1387 3335 1390 3345 1

418 3370 468 3426 2)
496 3367 586 3413 Cio.
618 3367 736 3413 Phil.
770 3369 836 3420 14,
865 3369 934 3413 27.
