2358 3892
1193 157 1261 209 50

258 305 618 357 interfectores
666 304 848 370 capitis
901 303 1137 355 damnati
1190 307 1342 368 sunt,
1396 305 1460 356 de
1515 305 1707 371 quibus
1752 320 1913 372 supra
1963 307 2195 374 exposui,

257 394 395 447 Tum
423 393 635 444 Asinius
654 392 821 444 Pollio
855 394 905 443 et
921 391 1163 457 PlancuS,
1198 408 1323 444 nam
1363 395 1513 444 erant
1548 392 1603 444 hi
1631 391 1950 458 Caesariani,
1989 395 2055 447 ad
2087 395 2199 447 An·-

257 483 462 535 tonium
511 481 830 533 defecerunt.
902 480 981 531 Ac
1018 482 1248 546 primum
1287 480 1495 532 Asinius
1533 496 1652 532 cum
1699 482 1930 535 exercitu
1977 484 2046 536 ad
2080 484 2194 536 An·-

254 572 462 623 tonium
510 570 726 622 accessit
773 571 823 619 et
865 568 1062 620 Planco
1108 569 1380 635 persuasit,
1434 571 1495 619 ut
1538 571 1590 620 et
1638 569 1747 635 ipse
1795 569 1863 622 ad
1898 571 2194 623 Antonium

255 660 499 712 transiret
520 660 573 723 ¹).
645 658 829 710 Tantis
866 657 1025 723 copiis
1073 657 1366 708 coniunctis
1403 656 1648 709 Decimus
1686 657 1897 722 BrutUS,
1949 674 2071 710 cum
2116 664 2196 711 re·-

256 748 435 799 sistere
470 763 579 799 non
614 749 809 813 posset,
850 746 918 798 ad
953 745 1019 797 M.
1057 746 1298 808 Brutum,
1334 745 1423 812 qui
1461 761 1581 797 cum
1618 744 1799 798 Cassio
1834 745 2199 801 Macedoniam

254 838 535 903 totumque
588 836 844 887 orientem
889 834 1122 896 tenebat,
1171 833 1453 899 confugere
1501 834 1784 886 constituit.
1856 834 2012 898 Quod
2065 852 2198 903 quo-

255 925 415 975 modo
452 927 656 990 gestum
696 925 774 987 sit,
823 939 932 974 non
980 922 1056 974 ita
1106 922 1361 973 traditum
1410 926 1501 987 est,
1549 925 1608 973 ut
1653 923 1831 974 omnia
1869 923 2033 990 plana
2069 924 2194 990 sint3

254 1017 436 1065 tamen
476 1013 578 1065 hoc
614 1029 677 1065 ex
701 1011 939 1076 Dionis2)
971 1014 1022 1063 et
1056 1011 1285 1078 Appiani
1322 1011 1629 1062 testimoniis
1666 1011 1938 1077 diligenter
1976 1028 2199 1079 perpen»

254 1103 321 1153 sis
358 1102 552 1166 meliuS,
591 1117 752 1168 quam
791 1117 823 1153 a
858 1100 1171 1152 Drumanno
1206 1100 1409 1152 factum
1447 1104 1542 1163 est,
1581 1100 1826 1166 explicari
1854 1103 2044 1167 potest.
2115 1101 2196 1154 Ac

251 1191 483 1242 maxime
520 1190 734 1256 quidem
770 1190 824 1241 id
861 1190 1024 1254 egisse
1059 1189 1354 1241 credendus
1390 1193 1484 1253 est,
1523 1192 1582 1240 ut
1616 1189 1799 1240 itinere
1846 1205 1940 1256 per
1972 1189 2196 1243 Galliam

253 1279 571 1344 Cisalpinam
625 1278 763 1330 facto
801 1282 895 1329 aut
927 1277 1228 1344 Aquileiam
1262 1281 1354 1329 aut
1391 1277 1706 1329 Ravennam
1755 1278 1931 1345 copias
1967 1278 2196 1342 duceret,

251 1372 313 1420 ut
345 1369 468 1419 inde
506 1383 597 1434 per
627 1367 889 1434 Illyricum
928 1367 979 1418 in
1016 1365 1380 1418 Macedoniam
1415 1366 1691 1430 veniret3).
1764 1366 1867 1418 Sed
1911 1367 2196 1434 quominus

240 1474 344 1525 *per
395 1458 525 1509 haec
594 1456 708 1507 loca
773 1457 870 1507 iter
919 1455 1144 1517 faceret,
1193 1471 1225 1506 a
1276 1454 1503 1508 Caesare
1554 1454 1848 1507 Octaviano
1909 1457 2196 1523 impeditus

251 1548 356 1608 est,
413 1562 445 1596 a
513 1561 619 1612 quo
682 1543 831 1596 Italia
892 1544 1188 1595 tenebatur.
1274 1544 1433 1610 Apud
1502 1544 1723 1596 Dionem
1789 1545 1999 1610 (46‚53)
2066 1545 2197 1598 haec

248 1636 442 1701 scripta
502 1635 767 1686 Videmus:
839 1632 1318 1699 ,ἐγκαταλειφθεὶς
1379 1633 1442 1682 δὲ
1494 1630 1615 1683 ὑπὸ·
1663 1635 1761 1682 τοῦ
1808 1632 2079 1699 Πλάγκου,
2125 1632 2194 1684 τά

248 1743 309 1774 τε
357 1725 455 1774 τοῦ
499 1722 755 1773 Λεπίδου
807 1721 896 1772 καὶ
945 1720 1016 1770 τα
1070 1723 1168 1770 τοῦ
1216 1720 1491 1771 Ἀντωνίου
1539 1720 1925 1789 φρονήσαντος,
1977 1720 2080 1789 τήν
2136 1739 2198 1772 τε

249 1813 528 1864 Γαλατίαν
609 1811 865 1874 ἐκλιπεῖν,
946 1809 1036 1859 καὶ
1121 1810 1174 1868 ἐς
1257 1813 1357 1876 τήν
1441 1809 1798 1860 Μακεδονίαν
1877 1811 2016 1878 πρός
2096 1811 2193 1862 τὸν

248 1904 494 1966 Βροῦτον
531 1902 667 1967 πεζῇ
703 1898 1050 1964 δι”Ιλλυριῶν
1088 1898 1418 1964 ἐπειχθῆναι
1455 1899 1601 1963 ἔγνω.
1637 1901 1734 1948 καί
1763 1917 1912 1959 τινας
1935 1898 2192 1967 στρατιώ-

246 2009 358 2054 τας,
397 1991 455 2041 ἐν
494 1979 535 2056 ᾦ
572 1989 639 2057 δή
677 1988 749 2038 rcoc*
776 1989 834 2039 ἐν
867 1987 1022 2054 χερσὶ
1046 1990 1373 2051 καθίστατο,
1404 1993 1784 2058 προέπεμψεν.
1817 1987 1884 2047 ὥς
1915 1988 1978 2039 δὲ
1999 1989 2202 2042 ἐκεῖνοί

245 2098 308 2130 τε
345 2080 414 2129 τα
451 2082 551 2129 τοῦ
588 2081 862 2144 Καίσαρος
892 2075 1011 2127 α’νθ
1046 2075 1284 2126 ecam-vd·
1322 2074 1442 2127 xvs‘.
1496 2075 1738 2128 Fortasse
1777 2093 1841 2129 ex
1858 2077 2040 2130 Dionis
2078 2094 2196 2131 ver·-

239 2167 329 2219 bis
361 2168 491 2220 effici
520 2169 695 2235 potest
724 2182 845 2218 eum
863 2164 962 2218 hac
983 2165 1067 2217 via
1084 2181 1180 2231 per
1193 2164 1400 2221 Italiam
1419 2165 1643 2216 militum
1661 2168 1865 2232 partem
1887 2167 2195 2232 explorandi

249 2273 410 2309 causa
430 2256 773 2323 praemisisse,
798 2254 888 2321 qui
918 2253 1131 2320 quidem
1149 2254 1358 2304 deserto
1384 2253 1546 2305 Bruto
1577 2254 1642 2304 ad
1672 2253 1957 2306 Caesarem
1975 2256 2197 2312 trans-ie·-

247 2349 391 2398 runt.
466 2345 570 2396 Sed
606 2344 826 2396 fortasse
862 2343 959 2394 Dio
993 2357 1102 2393 non
1141 2341 1285 2393 aliud
1332 2344 1516 2392 narrat
1555 2344 1719 2409 atque
1758 2342 2052 2409 AppianUS,
2082 2347 2197 2412 ‚qui

248 2434 427 2501 paullo
444 2433 690 2485 uberiora
708 2435 775 2495 et,
795 2434 854 2483 ut
871 2431 1017 2496 solet,
1038 2431 1255 2482 meliora
1273 2430 1508 2497 praebet.
1536 2430 1672 2482 Nam
1693 2432 1794 2483 hac
1811 2432 1898 2483 via
1914 2432 2196 2499 desperata

237 2523 458 2585 BrutUS,
509 2524 569 2573 ut
605 2523 659 2572 in
698 2521 959 2588 Illyricum
995 2519 1212 2582 veniret,
1265 2519 1432 2570 multo
1469 2518 1702 2584 longiore
1738 2519 1823 2571 via
1870 2521 1947 2572 uti
1983 2525 2196 2574 coactus

249 2615 342 2664 est.
416 2611 669 2663 Rhenum
719 2610 877 2675 igitur
926 2608 1150 2659 transire
1201 2607 1437 2659 instituit.
1508 2606 1664 2670 Quod
1721 2610 1780 2659 ut
1826 2607 2037 2673 faceret,
2088 2625 2196 2666 non

366 2790 406 2844 1)
440 2790 557 2844 App.
591 2789 631 2843 3,
647 2788 715 2830 97.

362 2874 407 2930 2)
434 2873 521 2917 Dio
551 2873 711 2924 46‚53.

364 2961 409 3016 3)
441 2960 559 3015 App.
601 2960 641 3010 3,
656 2958 731 3000 97:
773 2956 986 3009 ἀπογνούς
1026 2947 1098 2996 οῗιν
1137 2956 1384 3009 μάχεσθαι,
1427 2956 1590 3008 φεύγειν
1631 2958 1762 3012 ἔκρινε
1803 2958 1908 3014 πρὸς
1936 2956 2124 3015 Βροῦτον
2155 2959 2204 3007 ἐς-

248 3034 550 3075 Manzdovlav..
583 3032 726 3083 ἔφευγε
749 3028 863 3070 δὀὐκ
894 3028 966 3069 ἐπὶ
987 3027 1092 3068 τάδε
1118 3026 1204 3068 τῶν
1228 3026 1434 3075 ”Αλπεων,
1462 3025 1553 3066 ἀλλ’
1578 3029 1620 3075 ἐς
1635 3027 1885 3070 Ῥαουένναν
1905 3028 1937 3084 ἢ
1955 3028 2193 3084 Ἀκυληίαν.

247 3107 339 3149 ἐπεὶ
370 3106 415 3146 δὲ
459 3104 629 3159 Καῖσαρ
673 3100 796 3155 ὥδευε
837 3101 1004 3158 ταύτῃ,
1050 3098 1181 3153 ἄλλην
1225 3102 1487 3156 μακροτέραν
1526 3097 1621 3139 ὃὸὁν
1661 3100 1728 3139 καὶ
1769 3100 1979 3158 δύσπορον
2020 3100 2192 3150 ἐπενόει,

247 3180 322 3220 τόν
359 3194 405 3218 τε
443 3175 601 3230 ζΡῆιόιι
646 3172 830 3229 περᾶσαι
873 3172 941 3212 καὶ
980 3171 1036 3212 τοὶ
1076 3171 1315 3227 ἀγριώτερα
1355 3169 1442 3211 τῶν
1482 3171 1712 3228 βαρβάρων
1742 3171 2005 3228 ὑπερελθεῖν.
2069 3170 2194 3215 Haeo
2245 3168 2249 3171 ¹

250 3247 449 3305 Appiani
494 3245 631 3289 verba
664 3257 754 3287 non
801 3242 987 3298 integra
1031 3243 1161 3293 sunt,
1203 3254 1307 3283 nam
1341 3240 1437 3284 sine
1474 3241 1612 3285 dubio
1643 3245 1746 3298 post
1774 3242 1997 3298 Ἀκυληίαν
2028 3241 2194 3289 lacuna

250 3320 501 3364 statuenda
537 3318 620 3362 est.
1934 3328 1936 3330 v
