2358 3892
1205 189 1277 241 ’36

266 334 391 387 tonii
426 333 716 401 legionibus
754 334 1053 402 oppositum
1093 335 1264 389 fuisse.
1347 337 1654 391 Ciceronem
1691 340 1757 392 de
1789 341 2046 394 ‘industria'
2085 357 2206 395 eum

263 439 542 476 nume-rum
579 439 823 490 perverse
872 423 1135 488 attulisse,
1186 425 1381 477 scilicet
1418 441 1525 493 quo
1569 427 1734 492 magis
1768 427 1922 481 Hirtii
1957 429 2207 482 ‘virtutem

263 527 523 578 usumque
539 510 752 563 militiae
765 510 1024 571 laudaret,
1039 514 1154 565 tum
1168 513 1396 581 denique
1414 514 1735 566 credendum
1753 517 1865 578 erit,
1884 516 1926 568 si
1939 531 2060 569 eum
2078 517 2207 571 falsa

267 599 503 651 retulisse
540 598 943 665 comprobatum
978 601 1092 652 erit.
1155 601 1336 653 Potuit
1370 617 1496 654 vero
1516 601 1699 654 Cicero
1736 603 1787 654 in
1824 603 2203 671 imperatorum

262 687 497 754 epistula,
537 702 698 753 quam
737 687 807 739 ad
832 691 1078 741 senatum
1108 689 1375 756 miserant,
1412 691 1665 758 scriptum
1696 691 1951 744 invenisse
1979 692 2207 748 Hirtium

262 791 383 826 cum
401 774 565 826 tribus
586 773 819 828 hostium
843 776 1135 843 legionibus
1162 778 1525 831 decertantem
1547 780 1869 845 superiorem
1901 779 2205 835 discessisse.

263 861 357 914 Cui
411 862 464 913 id
518 862 693 915 minus
739 864 963 929 videtur,
1017 881 1138 917 eum
1191 866 1259 918 ad
1298 866 1648 921 Garatonium
1682 868 1911 939 ⁴accedat
1936 879 2070 935 'rogo
2117 868 2208 936 (ad

265 949 399 1002 Phil.
444 950 522 1014 14,
563 951 641 1015 10,
678 951 782 1018 27).
865 952 1044 1006 Liceat
1098 954 1228 1006 mihi
1283 955 1395 1010 eius
1450 955 1616 1007 verba
1667 955 1768 1011 hoc
1825 956 1963 1012 loco,
1995 956 2206 1012 afferre:

268 1038 408 1090 »Iam
461 1055 587 1092 vero
635 1043 845 1108 praeter
893 1041 1026 1095 duas
1071 1041 1183 1095 illas
1229 1041 1459 1109 legiones
1494 1043 1664 1097 Galba
1698 1044 1877 1097 scribit
1912 1046 2207 1100 Antonium

267 1127 507 1180 eduxisse
547 1129 788 1182 cohortes
826 1131 1112 1198 praetorias
1150 1132 1313 1196 duaS,
1352 1147 1525 1186 unam.
1555 1149 1738 1197 suam,
1772 1133 1994 1188 alteram
2026 1135 2207 1200 Silani,

269 1219 609 1269 evocatorum
657 1222 884 1285 partem.
957 1220 1012 1272 Si
1059 1221 1215 1273 duae¹
1245 1220 1387 1274 solae
1423 1221 1670 1275 cohortes
1707 1238 1834 1288 pars
1868 1225 2208 1285 ‚evocatorum

266 1304 689 1373 appellarentur,
740 1308 810 1359 ad
861 1310 1071 1361 tertiam
1121 1309 1383 1376 legionem
1433 1310 1748 1377 explendam
1798 1311 2211 1366 cohortes-octo

269 1393 526 1446 deessent.
581 1394 673 1447 Est
711 1396 867 1462 igitur
901 1397 1181 1450 verisimile
1215 1399 1492 1465 praetoriis
1521 1398 1829 1452 cohortibus
1853 1400 2054 1467 ali-'quot
2080 1398 2239 1452 alias

267 1485 641 1535 veteranorum
693 1484 998 1549 accessisse,
1046 1488 1106 1539 ut
1155 1487 1344 1541 milites
1393 1486 1447 1539 hi
1467 1538 1472 1541 ,
1494 1487 1650 1539 simul
1686 1503 1878 1541 ⁴omnes
1927 1503 2209 1543 numerum

274 1587 439 1639 prope
488 1573 653 1624 iustae
702 1572 919 1638 legionis
955 1573 1238 1627 efficerent.
1314 1575 1383 1629 Hi
1413 1578 1607 1628 autem,
1630 1576 1862 1628 veterani
1901 1579 2053 1628 erant
2087 1586 2212 1629 evo*-

272 1659 390 1723 cati‚
429 1676 562 1726 quos
599 1661 850 1713 nimirum
887 1678 952 1713 ex
987 1662 1202 1715 coloniis
1231 1666 1479 1716 evocarat
1501 1656 1792 1717 Antonius:
1815 1664 2211 1731 cuinsfgen'eris'

268 1747 528 1813 legionem
577 1747 811 1802 habebat
863 1749 1154 1816 integram,
1213 1754 1399 1820 utex,
1430 1751 1678 1819 Appiano
1722 1753 1771 1816 3,
1802 1753 1871 1804 46
1919 1753 2107 1820 liquet,
2157 1755 2210 1805 et

264 1836 543 1901 cohortem
612 1838 828 1905 insuper
893 1840 1247 1906 praetoriam.
1282 1855 1346 1893 ex
1393 1841 1538 1892 omni
1590 1857 1814 1893 numero
1869 1840 2208 1894 delectorum,

269 1923 446 1977 Tertia
498 1926 662 1979 istaec
696 1927 832 1992 legio
881 1943 915 1980 a
952 1927 1124 1979 Tullio
1171 1928 1500 1995 adiungitur,
1553 1929 1822 1996 nonquia
1848 1929 2212 1996 'legiorevera

269 2017 429 2078 esset,
465 2015 556 2067 sed
594 2015 720 2082 quia
757 2015 1001 2068 cohortes
1038 2017 1358 2088 praetoriae,
1382 2024 1535 2084 ‘quae
1574 2021 1722 2070 extra
1759 2017 1990 2084 legiones
2015 2033 2213 2070 nume-‚-

270 2102 551 2167 rabantur,
605 2107 658 2156 et
711 2105 938 2170 evocati,
989 2121 1219 2172 quorum
1267 2122 1332 2159 ex
1365 2105 1571 2172 legione
1624 2107 2073 2159 extraordinaria
2078 2121 2212 2173 pars

270 2190 540 2256 adfuerat,
589 2209 779 2260 parum
829 2194 899 2247 ab
947 2210 1011 2248 eo
1045 2210 1271 2248 numero
1309 2194 1538 2247 militum
1579 2195 1830 2260 aberant,
1880 2211 2054 2262 quem
2073 2194 2212 2290 legio

273 2296 505 2347 requens
543 2281 746 2334 habere
784 2280 969 2334 solet«.

405 2369 596 2421 Paucis
635 2371 752 2437 post
788 2386 1027 2438 pugnam
1064 2371 1209 2438 apud
1247 2370 1462 2423 Forum
1479 2329 1763 2423 Gallorum
1791 2369 1988 2421 factam
2027 2340 2213 2436 diebus

269 2456 446 2510 Pansa
481 2474 545 2510 ex
585 2458 804 2511 vulnere
844 2461 1086 2512 mortuus
1126 2461 1203 2511 est
1230 2458 1505 2511 Bononiae
1539 2475 1606 2511 a.
1620 2459 1690 2510 d.
1709 2457 1790 2523 IV
1829 2457 1941 2509 Kal.
1971 2456 2137 2510 Maias
2156 2454 2211 2523 l).

270 2545 556 2598 Suetonius
571 2547 610 2611 ²)
639 2547 812 2612 refert,
849 2563 989 2615 quae
1009 2547 1333 2600 malarfama
1359 2547 1425 2599 de
1458 2546 1752 2599 Octaviano
1788 2544 2210 2612 pervulgatavsit:

274 2634 510 2687 »Rumor
535 2636 794 2688 increbuit
812 2636 1001 2689 ambos
1027 2652 1190 2703 opera
1211 2636 1324 2688 eius
1343 2634 1661 2702 (Octaviani)
1675 2634 1876 2686 ‚occisos
1899 2672 1911 2685 .
1933 2671 1946 2683 .
1973 2673 1984 2685 .
2004 2632 2212 2685 Pansae

270 2723 486 2790 quidem
523 2724 657 2776 adeo
678 2727 924 2792 suspecta
961 2741 1106 2777 mors
1130 2724 1244 2790 fuit,
1280 2726 1341 2776 ut
1373 2722 1533 2788 Glyco
1557 2722 1792 2774 medicus
1810 2721 2212 2785 custoditus-sit,

272 2812 425 2879 quasi
458 2829 724 2866 venenum
749 2813 954 2866 vulneri
989 2813 1307 2866 indidisset«.
1363 2811 1478 2864 Hoc
1502 2813 1679 2864 utrum
1709 2826 1900 2875 verum
1925 2809 1994 2861 sit
2012 2824 2212 2885 necne,

275 2899 546 2952 diiudicari
585 2917 692 2953 non
729 2901 834 2954 iam
871 2904 1059 2969 potest.
1115 2902 1325 2954 Romae
1358 2902 1538 2953 autem
1562 2900 1769 2952 Pansae
1803 2896 2214 2951 litteras-Cicero

275 2987 420 3054 apud
476 2988 765 3055 populum,
821 2989 1060 3043 Caesaris
1096 2989 1418 3056 epistulam,
1447 2988 1609 3041 modo
1643 2987 1697 3039 in
1732 2989 1920 3039 senatu
1956 2985 2212 3039 recitavit.

275 3074 500 3127 Perfecit
519 3117 530 3138 ,
546 3063 553 3072 ⁶
569 3080 628 3129 ut
665 3078 867 3131 dierum
905 3079 1291 3146 quinquaginta
1306 3077 1362 3144 ³).
1386 3075 1698 3144 supplic-atio
1734 3074 2048 3142 haberetur,
2084 3089 2213 3127 con-

390 3222 436 3279 1)
466 3222 669 3279 Langius
701 3223 783 3278 ΙΙΙ,
814 3225 912 3269 534.

388 3294 433 3349 2)
464 3292 564 3338 Oct
597 3295 665 3338 11.
701 3295 758 3340 cf.
794 3295 885 3341 Cic.
917 3296 976 3341 ad
1006 3296 1136 3340 Brut.
1169 3294 1210 3348 1,
1246 3295 1330 3348 6,.2
1387 3294 1496 3356 Τεω
1527 3307 1630 3337 ann
1667 3294 1704 3344 1,
1744 3293 1808 3336 10.

391 3365 441 3420 3)
472 3362 659 3420 quidam
691 3359 901 3413 referunt
927 3366 1181 3424 sexaginta.
1857 3375 1863 3379 “
1891 3370 1894 3373 ’
