2358 3892
1174 163 1241 214 48

236 306 491 382 Martium
543 308 771 361 deducto
808 308 1085 372 Crassum,
1124 325 1283 376 quem
1327 308 1813 375 comprehenderat,
1862 311 2183 365 incolumem

240 396 446 448 dimisit.
532 395 649 458 Quo
712 397 852 450 facto
904 397 1129 464 pecunia
1182 396 1395 464 publica
1452 397 1517 448 de
1564 397 1794 451 Ianiculo
1841 401 2176 467 comportata

239 484 379 537 dena
423 484 583 537 millia
631 484 682 537 H
729 484 780 537 S.
836 485 1024 537 viritim
1074 485 1216 537 dedit
1274 484 1538 537 militibus;
1621 486 1847 552 Reliqua
1890 504 1945 540 se
1994 490 2182 555 postea

239 572 545 627 additurum
580 583 707 648 ’esse
754 573 1011 640 pollicitus
1054 574 1185 625 urbe
1233 572 1368 636 exiit,
1414 572 1843 626 doneccomitiis
1879 575 2181 630 centuriatis

238 661 482 715 consules
518 664 838 714 crearentur.
905 660 1215 713 Consularia
1252 664 1433 713 autem
1470 661 1679 714 comitia
1711 665 1768 713 ut
1806 661 2008 726 fierent,
2045 680 2182 717 unus

240 761 305 802 ex
323 749 674 816 praetoribus,
708 751 803 817 qui
822 766 886 802 ex
913 764 1010 802 sua
1045 749 1204 816 ipsius
1225 751 1486 816 potestate
1514 766 1577 802 ea
1607 750 1939 802 habere'non
1959 753 2182 818 poterat,

239 837 302 902 Q.
342 837 554 902 Gallius,
603 838 692 905 qui
729 838 780 890 in
820 837 1039 890 Cornuti
1067 837 1253 889 'locum
1301 837 1551 889 suffectus
1600 831 1729 899 erat,
1787 838 2060 891 duosviros
2095 825 2209 892 co?

241 920 418 982 mitiis]
438 915 806 982 consularibus
836 921 1101 978 habendis
1149 925 1412 978 consulari
1474 929 1732 992 potestate
1779 941 1962 983 creare
2011 927 2182 980 iussus

239 1017 328 1068 est.
402 1001 461 1066 Ei
497 1017 611 1069 tum
660 1013 873 1066 comitia
920 1013 1239 1077 habuerunt,
1290 1013 1481 1080 quibus
1528 1012 1852 1068 Octavianus
1897 1017 1952 1067 et
1989 1013 2049 1076 Q.
2084 1014 2184 1067 Pe·

236 1102 355 1160 dius
394 1105 518 1154 Sunt
555 1101 733 1154 creati'
780 1101 975 1154 Pedius
1010 1101 1128 1153 tulit
1165 1101 1228 1152 de
1266 1101 1689 1153 interfectoribus
1725 1100 1965 1155 Caesaris
2015 1100 2181 1168 legem

237 1206 347 1258 qua
385 1197 585 1254 omneS,
641 1190 730 1257 qui
782 1190 1159 1242 coniurationis
1205 1190 1486 1256 participes
1530 1189 1754 1250 fuerant,
1810 1202 1956 1258 *aqua
1992 1193 2044 1242 et
2076 1190 2182 1258 igni

238 1275 502 1331 interdicti·
532 1278 785 1344 bonaque
821 1292 1008 1339 eorum
1044 1277 1311 1344 publicata
1348 1280 1486 1329 sunt.
1572 1277 1740 1329 Etiam
1774 1277 1833 1330 D.
1858 1277 2045 1330 'Bruto'
2071 1275 2183 1330 hel·-

239 1350 345 1418 lu'm
398 1369 474 1418 est
519 1365 799 1417 indictuni..
863 1363 982 1428 Quo
1018 1364 1160 1417 facto
1197 1364 1394 1417 Caesar
1433 1364 1684 1416 militibus
1731 1363 1937 1417 senatui
1974 1368 2026 1417 et
2062 1379 2182 1430 gra-

237 1456 315 1507 tes
363 1454 484 1520 egit,
531 1457 749 1506 senatus
796 1469 921 1506 vero
978 1454 1022 1505 ei
1073 1453 1302 1519 legiones
1338 1452 1533 1504 Decimi
1584 1452 1989 1521 custodiamque
2044 1454 2185 1507 urbis

234 1543 469 1597 tradidit.
1063 1585 1066 1587 a
1488 1557 1491 1562 ·
1812 1610 1815 1613 Ι
2169 1557 2172 1560 ⁴

375 1630 589 1682 Interim
626 1629 687 1682 D.
727 1629 924 1682 Brutus
960 1629 1014 1681 in
1050 1629 1313 1681 maximas
1352 1628 1628 1694 angust-ias
1665 1628 1892 1683 devenit.
1936 1627 2036 1692 ’Μ.’
2071 1628 2186 1684 ΑΙ]-

230 1719 438 1793 Jtonium
490 1714 794 1786 persecutus
843 1733 940 1769 nec
984 1720 1162 1770 tamen
1204 1719 1476 1770 assecutus
1513 1715 1892 1783 pridievNonas
1928 1715 2096 1769 Maias
2130 1717 2182 1768 in

235 1792 427 1861 finibus
484 1806 891 1859 Statiellensium
914 1808 1049 1858 ‘erat
1072 1805 1129 1871 ¹),
1163 1805 1343 1872 paullo
1380 1807 1502 1872 post
1531 1805 1846 1858 Pollentiam
1885 1805 2182 1872 occupavit,

235 1886 325 1955 ne}
349 1895 613 1949 Antonius
665 1895 718 1947 in
768 1894 974 1947 Italiam
1009 1894 1248 1955 ¹evadere
1299 1895 1477 1961 posset
1495 1893 1552 1958 2).
1627 1893 1732 1946 Sed
1782 1909 1903 1960 cum
1947 1893 2182 1947 Antonio

227 1980 330 2052 “per
354 1983 529 2051 Alpes
564 1983 857 2036 maritimas
896 1983 994 2039 iter
1032 1985 1238 2049 pateret
1274 1985 1326 2035 et
1361 1982 1470 2049 ipse
1506 1981 1668 2049 Alpes
1713 1967 2015 2048 occuparet,
2064 1977 2183 2034 lon·-

226 2064 364 2140 ‘gius‘
385 2061 749 2137 eum‘insequi
784 2088 892 2124 non
930 2071 1118 2139 potuit.
1151 2070 1462 2124 vConstituit
1499 2070 1654 2136 igitur
1691 2085 1814 2122 cum
1849 2069 1908 2122 L.
1943 2068 2182 2124 Munatio

234 2160 439 2214 Planco
491 2177 554 2221 ,se
579 2217 583 2221 ,
612 2161 955 2226 coniungere,
1021 2160 1110 2228 qui
1161 2159 1370 2222 interim
1418 2159 1687 2212 Rhodano
1733 2173 1781 2215 a.
1831 2157 1882 2210 d.
1910 2157 2018 2213 1VI..
2060 2157 2182 2212 Kal.

235 2236 401 2302 Maias
419 2251 462 2314 ³)
499 2235 619 2302 cum
657 2249 890 2302 exercitu
919 2249 1240 2301 traiecto'ad
1264 2248 1466 2302 Isaram
1494 2247 1694 2299 flumen
1727 2246 1782 2298 in
1817 2245 2010 2313 finibus
2037 2245 2182 2313 Allo-

234 2338 458 2405 brogum
505 2324 810 2392 constiterat
856 2340 909 2390 et
958 2336 1315 2404 exspectabat,
1368 2333 1518 2404 quid*
1543 2335 1642 2388 sibi
1683 2334 1986 2388 faciendum
2028 2337 2181 2399 esset>⁴

235 2427 387 2479 Duae
418 2429 532 2479 tum
562 2426 719 2479 erant
731 2426 848 2478 viae
875 2442 970 2493 per
986 2425 1147 2493 Alpes
1172 2425 1272 2477 iter
1291 2424 1358 2476 'in
1386 2424 1608 2476 Galliam
1627 2422 1956 2487 facientibus,
1984 2422 2180 2488 altera,

224 2513 404 2582 'quam
432 2514 695 2567 munierat
730 2512 826 2566 Cn.
862 2513 1165 2580 PompeiUS,
1202 2529 1296 2579 per
1311 2512 1572 2564 Taurinos
1608 2514 1661 2562 et
1678 2510 1979 2574 VocontiOS,
2018 2526 2181 2579 quam

225 2601 480 2662 *describit
515 2601 707 2655 Strabo
740 2601 826 2663 IV,
873 2618 925 2668 p.
966 2601 1078 2664 179,
1121 2601 1289 2652 altera
1324 2616 1419 2667 per
1455 2599 1708 2662 SalaSSOS,
1746 2614 1856 2665 qua
1893 2595 2181 2662 Hannibal,

234 2694 296 2744 ut
330 2690 540 2758 plurimi
574 2691 714 2758 recte
748 2689 984 2751 credunt,
1020 2689 1302 2741 exercitum
1339 2686 1588 2739 traduxit.
1621 2687 1725 2739 Per
1769 2685 1909 2751 hanc
1955 2685 2012 2747 D.
2050 2685 2182 2747 Bru-

235 2782 352 2832 tum
390 2779 487 2832 iter
526 2778 785 2830 direxisse
821 2793 888 2828 ex
923 2776 1234 2829 testimoniis
1260 2776 1516 2840 videmus,
1567 2774 1809 2842 quamvis
1845 2778 1981 2826 esset
2013 2773 2182 2828 multo

239 2866 448 2933 longior
460 2879 473 2928 '3
510 2866 563 2918 id
602 2866 747 2933 quod
765 2865 880 2927 ‘sine
918 2865 1080 2918 dubio
1118 2881 1181 2918 ea
1218 2865 1289 2927 de,
1321 2880 1481 2917 causa
1508 2863 1644 2928 fecit,
1685 2863 1829 2930 quod
1857 2863 2026 2928 altera
2061 2864 2184 2916 bre-

237 2953 382 3017 viore
422 2968 516 3022 per
545 2953 831 3007 Vocontios
865 2953 911 3006 ei
948 2953 1023 3006 ire
1066 2969 1175 3006 non
1204 2953 1349 3006 licuit
1388 2953 1495 3004 sive
1532 2968 1625 3019 per
1658 2951 1976 3017 Antonium,
2011 2967 2181 3027 quem

258 3128 260 3130 ¹
356 3156 399 3211 1)
434 3155 526 3200 oie.
561 3154 619 3198 ad
642 3154 754 3198 fam.
786 3151 934 3205 11,11.
1026 3146 1030 3152 ·

358 3226 403 3281 2)
439 3226 495 3271 ad
530 3225 636 3270 fam.
665 3223 816 3276 11‚13.

359 3297 405 3353 3)
437 3298 496 3341 ad
529 3297 637 3341 fam.
671 3295 738 3348 19,
761 3294 800 3338 9.
837 3293 993 3345 10,11.
