2358 3892
1210 227 1275 275 22

265 376 320 428 in
368 374 601 428 medium
652 375 855 442 prolata
880 375 998 426 sive
1035 373 1089 424 in
1134 374 1397 424 aerarium
1446 370 1623 424 delata
1659 374 1850 424 essent.
1922 369 2220 424 Tum-aliis*

270 464 321 515 S.
359 463 444 516 Cis
478 479 563 527 ea,
615 479 752 530 quae
800 462 994 515 Caesar
1043 461 1108 512 de
1161 460 1556 525 magistratibus
1606 462 1658 511 et
1710 459 1990 526 provinciis
2036 459 2217 514 deere-

270 552 449 615 visset,
488 551 800 602 confirmata
837 565 963 600 esse.
1037 548 1275 614 Denique
1324 548 1619 599 Antonium
1658 563 1690 600 a
1728 551 1917 600 senatu
1944 547 2214 615 petivisse,

273 641 332 690 ut
366 638 461 689 sibi
487 638 662 690 liceret
689 638 790 690 alia
819 639 1095 703 praeterea
1120 636 1348 698 decreta,
1387 651 1527 702 quae
1558 635 1611 687 in
1637 634 1998 702 chirographis
2019 639 2218 702 essent,

271 726 325 777 in
349 726 581 777 medium
612 725 858 792 proferre.
883 725 1140 775 Senatum
1174 726 1374 787 autem,
1407 725 1468 775 ut
1493 723 1713 776 Antonii
1736 723 2220 793 machinationibus

273 814 569 877 obsisteret,
615 829 679 864 ex
713 813 821 863 Ser.
863 811 1075 877 Sulpicii
1109 811 1235 862 Rufi
1285 811 1548 864 sententia
1585 811 1904 874 decrevisse,
1951 826 2060 864 »ne
2109 826 2222 880 qua

274 903 392 967 post
455 900 575 951 Idus
624 899 841 951 Martias
911 898 1260 950 immunitatis
1328 899 1514 951 >tabula
1582 915 1715 951 neve
1780 898 1928 951 cuius
1981 899 2222 953 beneficii

274 989 569 1055 figeretur«.
639 987 806 1039 Paulo
852 989 969 1053 post
1017 989 1289 1052 senatum,
1339 1003 1460 1046 cum
1513 987 1650 1039 bene
1703 1003 1917 1054 sperare
1953 989 2222 1054 coepisset,

276 1077 421 1143 quod
456 1075 718 1127 Antonius
756 1075 924 1140 legem
963 1074 1029 1125 de
1066 1074 1330 1128 dictatura
1370 1075 1422 1126 in
1462 1078 1780 1143 perpetuum
1816 1074 2053 1128 tollenda
2098 1091 2226 1143 pro-

274 1165 488 1226 tulisset,
520 1163 827 1226 decrevisse,
857 1165 946 1215 »ut
971 1163 1294 1215 consules—
1323 1165 1670 1215 iudicarent«.
1722 1163 2221 1220 Antoniumxautem

276 1253 419 1320 apud
447 1252 707 1318 populum
761 1268 806 1303 a.
851 1252 902 1304 d.
944 1252 1070 1305 Vlll.
1102 1252 1218 1304 Kal.
1258 1252 1450 1318 MaiaS,
1503 1252 1744 1318 neglecta
1780 1252 2224 1319 promulgatione,

273 1342 443 1406 legem
479 1340 774 1391 Antoniam
811 1340 876 1392 de
914 1340 1044 1392 actis
1082 1339 1320 1393 Caesaris
1359 1340 1740 1393 confirmandis
1776 1339 2078 1407 pertulisse,
2115 1357 2224 1408 qua

274 1430 612 1481 vehementer
649 1432 784 1480 esset
818 1433 1024 1482 auctus
1094 1429 1245 1493 Quae
1280 1429 1603 1482 Schmidtius
1641 1429 1672 1481 1.
1696 1444 1738 1482 c.
1765 1445 1816 1496 p.
1841 1429 1945 1482 688
1965 1428 2020 1482 ff.
2058 1429 2126 1481 de
2158 1445 2225 1485 ea

274 1534 330 1569 re
369 1517 611 1584 protulit,
660 1533 849 1583 parum
900 1521 1154 1570 accurata
1205 1534 1317 1570 esse
1351 1534 1559 1570 censeo.
1631 1518 1769 1570 Acta
1806 1517 1947 1570 enim
1987 1516 2228 1571 Caesar-is

274 1607 400 1658 dixit
424 1622 533 1657 esse
560 1605 893 1671 »vollzogene
910 1606 1463 1673 Amtshandlungen«,
1492 1607 1684 1659 deinde
1705 1622 1784 1672 ea,
1816 1621 1957 1674 quae
1982 1605 2223 1658 nondum

274 1697 344 1747 im
376 1694 638 1746 aerarium
669 1697 841 1746 essent
866 1695 1043 1747 delata
1065 1699 1116 1747 et
1143 1695 1421 1762 depravari
1451 1700 1686 1763 possent.
1746 1694 1935 1747 Errare
1959 1695 2226 1748 existimat

275 1784 648 1835 Drumannum
693 1786 746 1834 et
791 1782 1066 1847 Peterum‚
1131 1784 1220 1851 qui
1269 1786 1390 1837 acta
1436 1784 1577 1836 idem
1620 1783 1915 1850 significare
1970 1786 2225 1851 putarent

273 1875 435 1939 atque
483 1872 915 1937 commentariOS,
977 1873 1071 1924 sed
1121 1873 1230 1939 ipse
1275 1873 1414 1925 idem
1460 1873 1578 1926 fecit
1629 1889 1752 1925 cum
1801 1872 1946 1924 dicat
1999 1889 2051 1939 p.
2084 1873 2220 1925 690:

277 1959 484 2012 »Wenn
553 1959 790 2011 darnach
848 1963 969 2012 acta
1037 1959 1276 2014 Caesaris
1342 1962 1496 2026 oder,
1561 1977 1702 2029 quae
1757 1959 1971 2016 Caesar¹
2016 1963 2223 2027 egisset,

274 2049 577 2114 iiberhaupt
606 2048 862 2114 gefalscht
892 2050 1103 2101 werden
1133 2049 1386 2114 konnten‚
1422 2067 1480 2102 so
1509 2055 1710 2102 musste
1742 2049 1882 2103 doch
1914 2050 2010 2103 der
2028 2049 2227 2117 Begriff

273 2137 423 2188 mehr
473 2136 769 2200 umfassen,
819 2137 896 2189 als
939 2138 1105 2189 sehon
1153 2138 1234 2189 ins
1281 2139 1548 2191 aerarium
1601 2137 1938 2204 abgelieferte
1977 2138 2223 2201 Gesetze‘3

271 2242 325 2277 es
362 2227 575 2277 miissen
614 2225 869 2278 vielmehr
906 2229 1028 2278 acta
1065 2226 1203 2278 auch
1239 2228 1304 2278 in'
1329 2225 1764 2280 Commentarien
1799 2227 1974 2282 haben
2019 2227 2229 2280 existis—

274 2330 367 2365 ren
403 2314 634 2378 konnen,
673 2314 757 2366 die
789 2314 926 2366 noch
957 2315 1102 2366 nicht
1128 2314 1420 2381 publiciert,
1451 2315 1562 2367 also
1586 2316 1726 2368 noch
1756 2316 1902 2368 einer
1921 2314 2225 2382 Falschung

275 2405 568 2467 ausgesetzt
602 2418 832 2454 waren«.
889 2403 1055 2455 Recte
1087 2405 1266 2455 autem
1293 2403 1621 2456 Schmidtius
1649 2404 1778 2456 mihi
1807 2404 2014 2459 videtur
2041 2404 2231 2459 dixisse

274 2490 325 2542 S.
355 2490 431 2543 Ca
466 2491 532 2542 de
569 2491 964 2557 magistratibus
1002 2494 1055 2544 et
1091 2492 1376 2559 provinciis
1412 2494 1623 2559 praeter
1657 2491 1786 2545 illud
1818 2491 1871 2544 S.
1907 2491 1967 2554 C.
2005 2491 2094 2545 »C.
2119 2492 2231 2545 Iulii

282 2578 520 2631 Caesaris
558 2582 677 2631 acta
713 2580 958 2632 valento«
998 2582 1099 2632 etc.
1144 2595 1250 2632 non
1290 2581 1462 2632 fuisse.
1548 2581 1780 2646 Langius
1818 2581 2027 2648 putavit
2061 2581 2232 2635 Anto-

276 2667 366 2719 nio
418 2668 530 2734 lege
575 2668 807 2721 Antonia
860 2669 924 2721 de
976 2670 1105 2720 actis
1143 2668 1381 2721 Caesaris
1420 2669 1622 2721 licuisse
1666 2684 1790 2721 cum
1838 2674 1961 2722 acta
1991 2668 2231 2724 Caesaris

281 2761 424 2822 tum,
476 2758 725 2826 quicquid
764 2757 962 2810 Caesar
999 2758 1327 2824 scripsisset,
1379 2760 1529 2825 quasi
1568 2758 1738 2824 legem
1773 2758 2038 2825 proferre,
2075 2759 2232 2812 dum-

283 2849 443 2900 modo
492 2849 559 2900 ad
609 2865 672 2900 ea
710 2849 1081 2901 confirmanda
1119 2849 1187 2899 ad
1225 2851 1472 2900 senatum
1511 2848 1594 2900 vel
1632 2848 1892 2915 populum
1923 2849 2232 2903 referretur.

286 2938 493 2989 Profert
532 2937 635 2990 Cio.
665 2938 799 2989 Phil.
819 2937 863 3001 5,
890 2938 967 2990 10.
1041 2938 1146 2991 Sed
1184 2953 1247 2988 eo
1284 2938 1397 2990 loco
1434 2939 1558 2990 acta
1595 2937 1915 3003 significant,
1955 2935 2101 3004 quod
2130 2951 2235 2989 nos

284 3027 522 3078 dicimus,
554 3026 886 3092 »vollzogene
921 3026 1457 3094 Amtshandlungem
1509 3029 1561 3079 et
1595 3026 1813 3078 minime
1853 3024 2235 3081 »schriftlichen

281 3114 586 3166 Nachlass«.
652 3114 826 3177 Quare
862 3115 1159 3167 Schmidtio
1198 3119 1413 3168 auctore
1448 3115 1590 3168 hanc
1627 3115 1985 3190 coniecturam
2018 3113 2235 3168 missam

289 3203 560 3255 faciamus.
654 3202 913 3255 Omnibus
970 3207 1150 3256 autem
1207 3205 1480 3272 perpensis
1541 3201 1626 3257 lex
1683 3203 1920 3257 Antonia
1979 3203 2046 3255 de
2103 3201 2239 3255 actis

297 3290 536 3343 Caesaris
579 3307 634 3342 re
669 3308 795 3343 vera
833 3308 941 3344 non
982 3293 1258 3346 differebat
1293 3293 1364 3346 ab
1407 3294 1490 3346 illo
1516 3293 1567 3347 S.
1591 3291 1695 3346 Co:
1738 3295 1828 3345 »ut
1863 3294 1984 3345 acta
2001 3289 2243 3349 Caesaris

291 3378 538 3431 valento«
595 3382 692 3431 etc.
780 3379 934 3442 Quod
988 3382 1061 3433 ita
1114 3398 1223 3434 esse
1271 3385 1495 3450 apparet
1545 3382 1628 3434 vel
1667 3398 1732 3434 ex
1767 3380 1990 3448 epistula
2026 3379 2118 3432 illa
2141 3379 2242 3444 (ad

296 3468 407 3521 Att.
464 3468 541 3532 14,
593 3468 671 3532 10,
727 3467 804 3535 1),
861 3469 951 3520 ubi
1011 3469 1192 3522 Cicero
1239 3471 1793 3547 Liberalibus,.omnia
1828 3469 2054 3546 periisse
2083 3483 2243 3546 sycon-
