2358 3892
1175 232 1240 284 14

381 379 458 430 Ac
500 377 725 443 primum
762 372 972 439 quidem
1010 370 1271 422 Antonius
1307 371 1358 420 et
1393 367 1648 434 Lepidm,
1700 383 1820 418 cum
1858 367 2168 435 supplicium

245 468 309 519 de
347 464 624 518 coniuratis
659 476 863 512 sumere
904 458 1259 520 instituissent,
1296 456 1462 518 veriti,
1497 471 1564 507 ne
1601 459 1816 507 senatus
1845 457 1916 508 eis
1939 456 2167 520 faveret,

246 555 570 607 occasionem
599 548 864 602 meliorem
896 547 1343 614 exspectaverunt.
1399 544 1737 596 Percussores
1765 546 1941 596 autem
1977 546 2176 598 frustra

241 645 291 695 in
361 643 501 695 curia
570 640 635 692 ad
698 637 952 705 populum
1019 635 1178 687 verba
1242 633 1413 686 facere
1476 631 1679 694 conati,
1743 648 1863 684 cum
1905 634 2164 687 neminem

244 733 310 784 ibi
350 746 620 783 remanere
658 726 1047 793 cognovissent,
1086 740 1204 776 cum
1245 722 1426 788 gladiis
1463 722 1788 774 incesserunt
1828 720 2168 775 vociferantes

246 837 419 887 regem
459 835 519 870 ac
560 821 840 884 tyrannum
879 832 909 866 a
940 830 992 864 se
1024 812 1363 878 absumptum
1399 828 1540 872 esse3
1578 810 1831 862 libertatis
1861 809 2172 862 indicandae

245 925 400 962 causa
443 907 634 974 pileum
685 904 735 956 in
783 904 935 955 hasta
983 901 1333 969 protulerunt.
1407 899 1555 952 Multi
1604 899 1816 967 quidem
1870 899 1942 950 eis
1987 914 2043 950 se
2080 899 2173 952 ad-

246 998 542 1059 iunxerunt,
582 994 722 1046 velut
764 993 822 1045 P.
853 991 1106 1044 Lentulus
1143 990 1414 1057 Spinther,
1453 989 1657 1041 Lentuli
1698 988 1987 1041 consularis
2022 987 2173 1050 filius,

246 1086 530 1146 FavoniUS,
580 1083 667 1151 qui
707 1081 962 1135 Catonem
1014 1079 1386 1136 aemulabatur
1409 1079 1462 1144 ¹),
1508 1078 1575 1130 M.
1605 1078 1863 1146 AquinUS,
1904 1077 2175 1131 Dolabella

245 1175 383 1240 (vide
422 1173 556 1226 infra
595 1175 646 1224 et
679 1187 727 1238 p.
764 1171 844 1234 16)
884 1170 1110 1231 Murena
1141 1169 1395 1230 Patiscus,
1426 1167 1520 1221 Cn.
1549 1167 1799 1220 Octavius
1826 1166 2036 1231 Balbus,
2071 1158 2173 1220 aliiss

246 1243 567 1326 Quibuscum
607 1277 660 1312 se
691 1261 741 1311 in
769 1258 1084 1327 Capitolium
1117 1260 1426 1325 receperunt
1462 1257 1570 1310 deis
1598 1273 1747 1309 sacra
1779 1255 1995 1309 facturi:
2030 1256 2176 1310 cuius

244 1352 317 1404 rei
355 1354 625 1403 auctorem
665 1349 821 1402 fuisse
858 1347 1133 1400 Decimum
1173 1347 1394 1399 Brutum
1434 1349 1554 1398 sunt
1595 1347 1681 1414 qui
1720 1348 1930 1414 putent,
1981 1346 2044 1398 cf.
2079 1345 2177 1399 Dio

243 1441 326 1504 44,
355 1441 434 1492 21.
519 1439 860 1491 Drumannus
900 1436 1228 1489 Dolabellam
1280 1439 1491 1504 postero
1540 1437 1752 1488 demum
1803 1435 1887 1488 die
1933 1435 1986 1488 in
2026 1434 2178 1504 Capi·
2250 1491 2253 1494 ,

245 1530 370 1582 tolio
419 1527 726 1595 apparuisse
779 1525 929 1588 dicit,
981 1526 1284 1594 discrepans
1334 1542 1452 1578 cum
1511 1526 1754 1593 Appiano
1804 1528 1856 1578 et
1891 1525 2074 1578 Dione.
2111 1524 2178 1562 '——-

243 1617 474 1685 Populus
502 1619 679 1668 autem
706 1617 879 1683 partes
905 1615 1306 1667 coniunctorum
1345 1614 1491 1682 sequi
1529 1615 1765 1667 animum
1794 1613 2040 1667 inducere
2065 1607 2178 1668 'non

243 1706 426 1774 potuit.
496 1705 748 1757 Senatum
797 1720 923 1756 vero
977 1703 1044 1755 illi
1092 1704 1189 1756 sibi
1237 1703 1508 1756 fauturum
1549 1706 1917 1770 speraverunt,
1969 1706 2021 1757 et
2056 1719 2178 1758 cum

244 1797 496 1862 cognatos
534 1793 828 1861 affinesque
863 1793 1059 1845 multos
1098 1793 1147 1844 in
1184 1809 1246 1844 eo
1277 1793 1458 1845 ordine
1486 1793 1759 1856 haberent,
1796 1797 1850 1845 et
1878 1810 1997 1846 cum
2025 1809 2178 1846 sena-

239 1888 324 1936 tus
366 1901 397 1936 a
432 1884 659 1950 tyranno
696 1896 1033 1949 summopere
1068 1885 1202 1934 esset
1240 1898 1532 1949 oppressus
1598 1882 1827 1935 Maxime
1863 1886 2043 1935 autem
2071 1882 2179 1950 ple-

239 1974 359 2024 bem
394 1975 442 2024 et
479 1970 719 2024 Caesaris
755 1974 1035 2023 veteranos
1062 1971 1469 2038 pertimuerunt,
1498 1972 1587 2038 qui
1625 1973 1922 2039 frequentes
1948 1971 2178 2025 Romam

241 2061 630 2122 confluxerant,
677 2063 734 2111 ut
786 2059 863 2136 ibi⁴
909 2075 1159 2126 agrorum
1210 2059 1486 2129 participes
1521 2060 1733 2124 fierent,
1772 2063 1932 2129 atque
1968 2059 2179 2114 Caesari

242 2150 371 2201 urbe
411 2149 622 2201 exeunti
662 2149 846 2200 adesse
885 2149 1192 2214 voluerunt3
1231 2149 1319 2215 qui
1364 2151 1565 2215 quanto
1602 2149 1722 2201 odio
1761 2150 1810 2201 in
1848 2164 2181 2217 percussores

239 2232 437 2298 impleti
478 2231 688 2294 fuerint,
726 2230 876 2284 facile
915 2231 1241 2297 intellegitur.
1307 2229 1310 2231 ’

373 2321 475 2372 Sed
516 2337 635 2372 cum
672 2320 849 2387 Lepidi
889 2337 1100 2388 quoque
1135 2320 1422 2372 exercitum
1464 2321 1731 2382 timerent,
1772 2321 1824 2372 in
1861 2319 2175 2389 Capitolium

242 2414 424 2461 euntes
478 2409 682 2476 plebem
739 2409 1101 2476 largitionibus
1151 2409 1245 2461 sibi
1303 2409 1578 2462 conciliare
1638 2410 2034 2463 constituerunt.
2104 2409 2180 2462 Eo

243 2515 362 2550 cum
398 2497 574 2550 Cicero
623 2515 836 2565 quoque
887 2499 1140 2560 venisset,
1191 2498 1383 2560 suasit,
1436 2501 1493 2550 ut
1540 2502 1810 2565 praetores
1847 2501 2088 2552 senatum
2125 2497 2179 2550 in

243 2586 553 2652 Capitolium
587 2590 854 2650 vocarent,
892 2603 1013 2639 cum
1043 2593 1279 2654 speraret
1316 2603 1512 2653 magna
1542 2604 1696 2654 posse
1724 2588 1906 2656 perfici
1947 2587 2180 2640 »laetan-

240 2675 378 2726 tibus
430 2675 671 2727 omnibus
721 2675 900 2739 boniS,
965 2677 1124 2728 etiam
1176 2679 1258 2727 sat
1309 2676 1487 2738 boniS‚
1550 2677 1728 2728 fractis
1778 2677 2102 2730 latronibus«
2119 2674 2177 2742 2).

244 2762 427 2830 Neque
474 2780 597 2815 vero
649 2764 716 2815 illi
765 2766 872 2816 eius
917 2765 1286 2817 auctoritatem
1329 2766 1489 2817 secuti
1528 2768 1665 2817 sunt.
1740 2766 2032 2819 Antonium
2072 2765 2180 2833 pri-

243 2852 386 2903 cibus
441 2852 583 2904 adire
639 2853 804 2905 visum
866 2857 969 2917 est,
1026 2857 1084 2905 ut
1137 2870 1316 2906 secum
1374 2870 1483 2906 rem
1543 2854 1812 2921 publicam
1865 2855 2177 2908 restitueret.

242 2939 542 2992 Ciceronem
591 2941 774 3006 igitur,
816 2946 874 2993 ut
908 2942 1143 2994 Antonio
1180 2943 1547 3009 persuaderet,
1583 2943 2036 3004 subornaverunt;
2087 2942 2179 3011 qui

242 3023 452 3090 quidem
492 3023 543 3075 id
578 3024 746 3076 facere
781 3027 1021 3077 animum
1058 3026 1305 3078 iuducere
1343 3042 1451 3078 non
1487 3028 1728 3093 potuitss).

359 3160 402 3210 1)
435 3158 496 3202 Cf.
524 3157 710 3202 Charles
732 3160 962 3212 Merivale,
998 3175 1050 3204 »a
1079 3161 1254 3216 history
1284 3161 1333 3204 of
1356 3160 1438 3204 the
1459 3160 1676 3206 Romains
1696 3161 1840 3206 under
1859 3160 1940 3205 the
1963 3160 2177 3218 empirei«,

244 3230 426 3274 London
464 3229 592 3281 1862,
635 3230 722 3282 ΙΙΙ,
770 3246 809 3287 p.
838 3234 883 3284 8,
931 3231 1008 3288 qui
1052 3232 1281 3288 praeclare
1325 3246 1425 3276 eum
1470 3232 1608 3276 dicit:
1655 3233 1758 3276 »the
1800 3232 1984 3277 shadow
2021 3232 2073 3276 of
2099 3232 2178 3276 the

251 3303 410 3357 stur-dy
442 3300 594 3344 Cato«.

357 3373 401 3421 2)
436 3372 520 3416 Cic.
554 3373 612 3415 ad
648 3373 743 3417 Att.
781 3374 844 3423 14,
873 3373 939 3425 10,
965 3376 1000 3417 1.

358 3441 402 3497 3)
433 3442 520 3486 Cic.
539 3442 655 3485 Phil.
673 3443 793 3494 2‚89‚
830 3445 884 3486 ad
908 3447 1004 3487 Att.
1025 3445 1090 3501 14,
1112 3446 1215 3496 14‚2
1248 3445 1479 3502 praeclare
1498 3445 1653 3489 Cicero
1683 3444 1809 3488 illam
1837 3447 1969 3489 vocat
1994 3443 2175 3489 »sessio-

244 3526 346 3556 nem
379 3511 723 3569 Capitolinam«.
