2358 3892
1159 204 1220 256 16

207 355 405 407 derent.
473 355 626 419 Quod
667 356 859 406 tactum
901 355 1004 414 est,
1052 352 1362 419 priusquam
1402 353 1595 406 Brutus
1645 372 1823 408 rursus
1871 357 1921 408 in
1966 358 2138 410 forum

208 444 433 508 veniret,
482 447 533 495 et
590 446 713 494 ante
763 444 1005 492 senatum
1055 441 1107 492 in
1143 440 1340 507 templo
1375 440 1596 493 Telluris
1635 443 1890 496 habitum.
1966 446 2140 500 Unum

205 536 382 584 autem
407 531 641 584 Cassium
672 545 888 596 unaque
908 528 1135 582 Brutum
1159 522 1494 582 descendisce
1520 530 1649 582 falso
1675 531 1832 584 refert
1853 533 2140 602 Appianus.

209 621 307 673 Hic
345 636 563 671 manum
603 618 902 680 ostentavit,
943 633 1104 685 quam
1137 616 1342 670 Cassius
1378 617 1765 683 vulneraverat,
1803 636 1922 674 cum
1957 624 2139 677 eodem
2193 651 2197 655 ·

209 712 405 776 puncto
457 707 708 774 temporis
766 710 987 773 uterque
1024 706 1305 759 Caesarem
1348 710 1562 774 peteret.
1649 707 1744 760 Dio
1793 708 1940 762 illum
2003 711 2142 765 diem

212 815 332 850 cum
370 797 544 849 Idibus
580 794 774 846 Martiis
814 795 1062 847 confudit.

349 894 480 946 Cum
534 892 599 944 illi
651 893 700 944 in
752 893 1052 945 contionem
1089 893 1415 960 prodissent,
1472 894 1604 947 alter
1641 895 1864 948 alterum
1904 896 2148 950 laudibus

210 983 409 1047 extulit,
466 982 625 1034 ambo
687 981 960 1033 Decimum
1016 982 1264 1048 Brutum,
1326 983 1469 1050 quod
1529 986 1904 1052 prospexisset,
1962 989 2020 1039 ut
2076 981 2164 1039 ad¹

220 1075 425 1138 tempus
463 1070 778 1135 gladiatores
826 1071 1086 1122 adessent.
1159 1072 1422 1139 Populum
1473 1075 1652 1125 autem
1691 1079 2036 1140 rogaverunt,
2087 1079 2144 1128 ut

211 1160 398 1211 Sextus
433 1159 718 1225 Pompeius
769 1159 1159 1221 restitueretur;
1213 1177 1369 1227 quem
1421 1168 1546 1214 tunc
1597 1161 1753 1227 legati
1799 1161 2037 1215 Caesaris
2090 1164 2142 1216 in

210 1249 464 1315 Hispania
504 1248 641 1299 bello
678 1248 1148 1315 persequebantur.
1205 1249 1426 1302 Brutum
1465 1254 1640 1302 autem
1680 1254 1730 1303 et
1759 1250 1996 1304 Cassium
2027 1256 2142 1305 tum

210 1339 273 1389 de
305 1337 358 1390 C.
381 1337 563 1404 Epidio
590 1336 812 1388 Marullo
846 1340 896 1388 et
924 1337 978 1389 L.
1001 1336 1238 1390 Caesetio
1263 1339 1424 1392 Flavo
1459 1340 1678 1392 tribunis
1713 1339 1877 1407 plebis
1906 1340 1972 1392 de
1997 1341 2146 1394 exilio

208 1427 514 1478 revocandis
577 1425 755 1477 tulisse
814 1425 943 1478 falso
998 1427 1275 1494 Appianus
1326 1430 1381 1492 2,
1424 1430 1518 1481 1292
1567 1430 1853 1482 memoriae
1901 1430 2143 1497 prodidit.

206 1515 361 1579 Quod
411 1517 512 1567 iam
559 1515 678 1567 vivo
715 1514 939 1567 Caesare
978 1515 1172 1568 factum
1214 1534 1323 1569 esse
1359 1522 1581 1584 apparet
1619 1535 1681 1570 ex
1716 1518 1862 1571 Suet.
1896 1517 2045 1572 Caes,
2079 1520 2148 1572 80

205 1604 296 1670 (cf.
324 1604 578 1657 Schmidt.
615 1604 645 1655 l.
674 1620 715 1656 o.
756 1621 806 1671 p.
833 1605 970 1668 677).
1033 1677 1035 1680 .

341 1694 509 1758 Quid,
559 1693 702 1760 quod
740 1694 957 1745 omnino
995 1695 1094 1756 ita,
1150 1697 1203 1745 ut
1241 1695 1518 1762 Appi-anus
1555 1697 1736 1758 refert,
1782 1713 1909 1754 num
1950 1701 2143 1755 Brutus

205 1784 410 1835 locutus
461 1784 554 1846 sit,
604 1783 949 1835 dubitamus?
1039 1783 1392 1850 Imprudentis
1442 1787 1578 1837 enim
1630 1786 1727 1839 fuit
1766 1787 2002 1843 Caesaris
2049 1792 2144 1844 ad·

206 1873 640 1923 ministrationem
705 1888 882 1924 coram
946 1873 1205 1924 veteranis
1256 1889 1474 1937 vexare,
1537 1876 1679 1942 quod
1729 1881 1946 1940 necatus
1995 1884 2141 1942 esset,

201 1962 452 2028 probare,
509 1961 574 2012 de
627 1961 743 2013 Sex.
782 1960 1036 2028 Pompeio
1085 1963 1388 2014 revocando
1438 1979 1654 2030 rogare,
1705 1965 1852 2020 euius
1900 1968 2042 2022 bona
2088 1970 2140 2022 in

202 2051 447 2102 manibus
483 2050 701 2102 Antonii
740 2054 892 2102 erant
913 2049 975 2114 ¹).

337 2138 472 2189 Tum
511 2138 726 2189 demum
757 2138 1030 2190 Dolabella
1069 2139 1118 2190 in
1155 2138 1470 2205 Capitolium
1501 2142 1767 2206 aseendit3
1805 2143 1949 2196 nullo
1979 2145 2141 2197 modo

205 2229 314 2280 fieri
351 2230 547 2294 potest,
597 2230 653 2278 ut
693 2227 868 2278 Idibus
906 2227 1027 2293 ipsis
1063 2244 1124 2278 eo
1164 2227 1438 2279 advenerit
1455 2228 1495 2294 2)
1539 2229 1623 2291 (ef.
1656 2247 1706 2296 p.
1742 2229 1841 2295 14).
1913 2232 2142 2300 Lepidus

202 2320 397 2379 autem,
438 2317 550 2368 foro
590 2319 863 2382 occupato,
901 2316 969 2367 ad
1006 2317 1232 2383 primam
1272 2317 1438 2369 lucem
1479 2318 1779 2371 contionem
1809 2319 2012 2384 habuit,
2049 2321 2141 2373 ubi

201 2422 386 2472 graves
438 2406 489 2456 in
535 2406 838 2457 coniuratos
897 2406 1188 2457 sententiae
1235 2406 1617 2474 dicebanturss).
1700 2407 1910 2462 Cassius
1959 2413 2138 2463 autem

201 2495 529 2562 Brutusque,
579 2510 699 2546 eum
751 2509 938 2561 parum
990 2494 1166 2546 adbuc
1211 2495 1475 2561 praesenti
1513 2512 1688 2549 rerum
1726 2501 1871 2551 statu
1909 2499 2138 2552 confide-

204 2587 346 2648 rent,
398 2584 447 2634 in
486 2582 800 2649 Capitolium
843 2583 1127 2634 redierunt.
1201 2582 1397 2635 Eodem
1438 2584 1721 2652 propinqui
1760 2602 1940 2638 eorum
1979 2603 2139 2640 vene-

202 2676 350 2736 runt,
403 2689 627 2740 quorum
679 2672 918 2724 nonnulli
970 2672 1038 2724 ad
1060 2672 1367 2724 ,Antonium
1418 2676 1469 2724 et
1505 2673 1787 2740 Lepidum·
1815 2676 1954 2727 missi
1996 2679 2134 2728 sunt.

199 2762 363 2814 Nocte
397 2762 657 2814 Antonius
694 2762 959 2814 custodias
998 2761 1378 2828 dispertiendas
1416 2762 1645 2823 curavit3
1696 2764 1976 2817 necessarii
2013 2781 2136 2818 con-

200 2852 492 2904 iuratorum
557 2867 651 2918 per
705 2854 873 2902 totam
931 2853 1136 2902 noctem
1198 2866 1319 2902 cum
1374 2851 1573 2904 facibus
1629 2851 1859 2918 singulos
1912 2853 2134 2921 quisque

198 2944 466 2992 senatores
500 2939 757 3003 adierunt,
799 2942 857 2991 ut
895 2939 989 2990 illis
1029 2940 1279 2991 faverent.

334 3039 397 3090 A.
431 3038 479 3089 d.
514 3037 647 3089 XVI.
682 3037 794 3089 Kal.
823 3038 1042 3104 Apriles,
1076 3037 1400 3089 Liberalibus
1414 3035 1471 3101 4),
1509 3036 1772 3090 Antonius
1805 3042 2049 3092 senatum
2081 3042 2133 3092 in

199 3127 383 3179 aedem
420 3125 643 3177 Telluris
689 3126 1024 3191 convocavit3
1074 3143 1136 3178 ea
1171 3126 1406 3192 proxime
1440 3125 1625 3179 aberat
1658 3143 1687 3178 a
1722 3127 1939 3194 Pompei
1974 3130 2133 3181 domo

317 3275 361 3328 1)
393 3275 512 3320 Plut.
541 3274 663 3319 Caes.
698 3275 765 3319 67.

315 3332 360 3387 2)
392 3332 626 3375 Drumann
655 3333 690 3382 I,
724 3333 792 3376 87.

314 3405 356 3458 3)
389 3404 472 3446 Dio
502 3403 571 3451 44,
605 3404 671 3447 22.

312 3475 360 3530 4)
391 3473 456 3517 Of.
490 3473 616 3526 Ovid,
651 3474 768 3518 Fast.
804 3475 840 3526 3,
877 3479 970 3520 731.
