2358 3892
1208 206 1239 257 6

400 362 575 427 Atque
629 358 863 411 omnium
920 354 1140 406 fontium
1201 369 1383 405 earum
1435 370 1634 415 rerum,
1696 370 1828 421 quas
1883 368 2186 420 percurrere

266 449 389 501 mihi
447 449 497 500 in
555 449 730 500 animo
781 448 880 507 est,
935 443 1086 508 longe
1138 441 1611 509 praestantissimas
1667 458 1776 494 esse
1825 440 2086 495 Ciceronis
2137 443 2190 492 et

266 537 526 589 orationes
577 539 626 586 et
669 533 916 601 epistulas
954 533 1282 597 compertum
1321 530 1509 582 habeo.
1579 529 1685 581 Etsi
1722 530 1858 582 enim
1898 528 2190 582 conceden-

266 626 392 677 dum
429 627 505 675 est
539 622 797 684 Ciceroni,
845 619 1043 671 homini
1082 634 1177 670 nec
1217 617 1332 670 forti
1371 634 1466 670 nec
1504 618 1665 669 animi
1703 617 1864 681 firmi,
1909 617 2021 670 aliis
2058 621 2190 670 tem-

264 713 477 779 poribus
529 710 694 762 multa
742 710 851 760 visa
895 723 1007 759 esse
1055 707 1179 773 alia,
1243 710 1421 759 tamen
1477 706 1543 758 ad
1597 709 1838 773 tempora
1891 705 2191 758 definienda

269 799 466 866 optimo
501 802 714 851 auctore
751 798 948 847 utimur
984 794 1085 847 illo.

403 887 475 939 Ex
531 887 772 953 operibus
818 887 994 936 autem
1035 882 1299 935 Ciceronis
1339 882 1471 935 haec
1507 881 1574 934 ad
1613 884 1822 933 nostras
1859 879 2196 947 quaestiones

265 975 551 1043 pertinent:
597 973 1018 1041 quattuordecim
1058 972 1321 1023 orationes
1360 969 1478 1022 illae
1515 969 1836 1037 Philippicae
1877 969 1984 1021 sive
2019 967 2192 1022 Anto-

264 1065 469 1126 nianae,
499 1062 746 1128 epistulae
773 1061 839 1112 ad
867 1059 1147 1112 familiares
1168 1059 1251 1111 lib.
1278 1060 1490 1123 10-12‚
1519 1058 1587 1110 ad
1607 1058 1840 1110 Atticum
1867 1057 1954 1110 lib.
1976 1058 2191 1125 14—16,

264 1153 331 1204 ad
369 1151 432 1202 Μ.
459 1152 682 1202 Brutum
722 1149 838 1201 libri
879 1149 999 1200 duo.

399 1241 513 1292 Hae
549 1239 617 1291 ad
654 1239 878 1291 Brutum
919 1237 1194 1305 epistulae,
1228 1240 1411 1288 utrum
1445 1234 1705 1301 genuinae
1740 1234 1845 1287 sint
1882 1246 2064 1300 necne,
2101 1238 2197 1290 ad-

170 1363 172 1366 .
264 1331 367 1382 huc
404 1329 556 1380 valde
597 1328 689 1379 viri
729 1327 867 1379 docti
902 1326 1230 1378 dissentiunt.
1286 1325 1366 1376 Ac
1399 1323 1628 1391 primum
1670 1322 1882 1391 quidem
1921 1323 1986 1376 de
2013 1334 2197 1377 earum

269 1417 465 1483 origine
519 1416 746 1482 genuino
797 1415 1174 1467 dubitaverunt
1224 1412 1466 1466 Tunstall
1484 1411 1520 1478 ¹)
1569 1414 1621 1464 et
1669 1410 2014 1479 Markland2).
2061 1413 2199 1466 ·Eas

267 1511 442 1558 autem
493 1506 699 1573 spurias
748 1522 860 1556 esse
908 1504 1062 1556 variis
1112 1503 1315 1570 scriptis
1351 1502 1562 1568 negavit
1596 1500 1658 1553 K.
1697 1500 1751 1552 F.
1788 1500 2198 1568 Hermannus3).

268 1595 466 1647 Contra
501 1593 824 1660 Zumptius4)
862 1610 950 1645 eas
986 1592 1192 1660 spurias
1229 1609 1340 1644 esse
1367 1590 1653 1643 contendit.
1698 1589 1981 1657 'Heinius⁵)
2018 1595 2198 1644 autem

265 1683 553 1735 secundum
589 1683 868 1750 Nipperdei
904 1682 1099 1735 dictum
1140 1680 1292 1745 illud,
1332 1680 1582 1732 maiorem
1621 1683 1827 1747 partem
1855 1679 2195 1748 epistularum

270 1773 555 1839 genuinam
594 1772 805 1834 iudicat,
844 1772 876 1835 I,
912 1772 973 1823 16
999 1775 1049 1823 et
1080 1772 1138 1823 17
1177 1770 1386 1838 spurias
1416 1772 1610 1821 censet.
1668 1768 1812 1820 Idem
1852 1769 1957 1821 fere
1994 1769 2202 1822 videtur

267 1862 329 1913 O.
352 1861 407 1913 E.
430 1861 771 1926 Schmidtioss)
808 1865 859 1912 et
891 1861 944 1912 L.
978 1858 1288 1925 Gurlittio⁷).
1348 1858 1402 1910 F.
1430 1857 1682 1924 Becherss)
1718 1861 1899 1910 autem
1939 1874 2002 1910 ex
2039 1859 2198 1912 ratio-

379 2024 422 2078 1)
456 2023 665 2080 Epistula
698 2021 856 2065 critica
888 2022 944 2065 ad
980 2021 1127 2065 virum
1159 2019 1389 2065 eruditum
1423 2020 1620 2076 Conyers
1651 2018 1920 2071 Middleton‚
1952 2018 2192 2064 Cantabri-

269 2095 370 2152 giae
402 2096 523 2139 1741.
586 2093 752 2138 Idemz'
778 2092 1098 2137 Observations
1141 2107 1200 2136 on
1227 2091 1308 2136 the
1339 2094 1523 2148 present
1553 2090 1792 2135 collection
1826 2091 1873 2135 of
1902 2090 2090 2147 epistles
2122 2091 2198 2136 be-

271 2172 415 2211 tween
449 2167 601 2211 Cicero
633 2166 722 2209 and
753 2166 811 2209 M.
836 2166 1019 2221 Brutus,
1052 2164 1238 2208 London
1272 2164 1395 2207 1744.

383 2240 425 2294 2)
470 2238 731 2281 Markland:
778 2237 1003 2281 Remark's
1044 2251 1101 2280 on
1139 2236 1218 2280 the
1261 2225 1445 2292 epistles
1490 2233 1541 2276 of
1567 2230 1722 2275 Cicero
1754 2233 1802 2274 to
1832 2231 1998 2275 Brutus
2032 2232 2123 2276 and
2155 2233 2205 2276 of

277 2313 444 2354 Brutus
475 2314 522 2354 to
558 2309 723 2361 Cicero,
755 2309 941 2352 London
977 2310 1095 2352 1745.

385 2385 432 2438 3)
482 2381 716 2425 Vindici-ae
757 2381 1022 2424 Latinitatis
1074 2379 1377 2437 epistularum
1420 2378 1646 2423 Ciceronis
1694 2379 1752 2422 ad
1800 2378 1862 2423 M.
1911 2378 2105 2422 Brutum
2153 2380 2201 2423 et

273 2456 402 2498 Bruti
434 2455 491 2498 ad
524 2454 802 2505 Ciceronem,
836 2454 1088 2510 Gottingen
1122 2453 1243 2496 1844.

388 2526 701 2570 vindiciarum
732 2527 1026 2569 Brutinarum
1061 2525 1356 2582 epimetrum,
1398 2523 1521 2566 1845.

392 2600 477 2642 Zur
540 2597 925 2654 Rechtfeitigung
987 2599 1066 2641 der
1118 2597 1335 2641 Echtheit
1396 2595 1472 2639 des
1531 2594 1798 2639 erhaltenen
1862 2592 2205 2638 Briefwechsels

273 2671 493 2715 zwischen
523 2669 674 2714 Cicero
717 2670 807 2712 und
852 2670 909 2713 M.
941 2670 1110 2712 Brutus
1154 2669 1341 2722 (Abhdl.
1375 2668 1416 2712 d.
1449 2667 1572 2712 Gott.
1605 2666 1705 2711 Ges.
1738 2665 1779 2710 d.
1814 2666 1946 2710 Wiss.
1983 2666 2112 2718 1845,
2145 2664 2201 2716 ΙΙ,

273 2745 313 2787 S
349 2741 819 2795 189ff.;111,143ff.)

384 2816 429 2871 4)
471 2814 534 2857 De
566 2813 625 2855 M.
652 2813 790 2856 Tullii
820 2813 1045 2858 Ciceronis
1079 2815 1133 2857 ad
1167 2815 1223 2858 M.
1252 2815 1443 2858 Brutum
1478 2815 1526 2857 et
1558 2812 1689 2855 Bruti
1720 2811 1777 2855 ad
1811 2810 2073 2855 Ciceronem
2105 2810 2198 2866 epi-

273 2887 425 2937 stulis,
471 2899 587 2940 quae
631 2885 766 2941 vulgo
799 2886 1029 2933 feruntur.
1070 2886 1275 2930 Berliner
1306 2886 1574 2943 Programm
1611 2884 1735 2929 1545.
1805 2883 1928 2927 Idem
1973 2880 2205 2926 »Berliner

274 2958 559 3004 Jahrbiicher
591 2959 622 3000 f.
654 2957 999 3001 wissenschaftl.
1034 2958 1211 3001 Kritik«
1250 2959 1374 3011 1845,
1408 2957 1464 3011 II,
1497 2972 1567 3001 no.
1596 2956 1780 3000 91-94,

388 3033 429 3085 5)
474 3029 795 3082 Quaestionum
840 3029 894 3072 de
927 3030 984 3072 M.
1016 3030 1156 3073 Tullii
1188 3030 1415 3074 Ciceronis
1448 3033 1495 3074 et
1526 3029 1584 3072 M.
1618 3028 1750 3072 Bruti
1796 3028 1968 3072 mutuis
2001 3027 2208 3086 epistulis

275 3103 427 3160 capita
456 3102 564 3151 duo,
596 3100 779 3156 Leipzig
813 3100 934 3143 187).

388 3175 434 3224 6)
487 3174 554 3216 De
592 3171 801 3227 epistulis
842 3174 887 3214 et
919 3186 946 3214 a
978 3173 1127 3216 Cassio
1168 3177 1216 3217 et
1254 3176 1311 3218 acl
1346 3175 1549 3219 Cassium
1596 3175 1697 3231 post
1727 3174 1963 3218 Caesarem
2011 3172 2206 3217 occisum

275 3247 393 3290 datis
424 3244 709 3300 quaestiones
741 3243 1106 3299 chronologicae,
1142 3245 1329 3301 Leipzig
1365 3249 1486 3290 1877.

387 3318 431 3372 7)
483 3317 547 3359 De
589 3315 647 3357 M.
691 3314 806 3358 T.ull
851 3314 1075 3358 Ciceronis
1132 3316 1339 3372 epistulis
1391 3331 1639 3373 earumque
1688 3315 1882 3373 pristina
1925 3315 2206 3368 collectione,

276 3390 400 3435 Gott.
433 3388 553 3432 1879.

390 3460 433 3516 8)
465 3460 529 3502 De
559 3458 798 3510 Ciceronis,
831 3473 948 3513 quae
983 3460 1190 3502 feruntur
1223 3462 1279 3504 ud
1315 3463 1504 3505 Brutum
1537 3460 1768 3517 epistulis,
1800 3461 1917 3505 Jena
1952 3458 2074 3503 1876.
