2358 3892
1259 156 1327 207 592

333 309 436 360 itur
472 308 541 360 ad
580 308 850 360 Helvetios
871 309 924 373 ¹),
969 307 1111 359 unde
1162 306 1298 358 clam
1337 305 1389 356 in
1425 303 1649 357 Galliam
1686 303 2011 372 Cisalpinam
2059 305 2277 359 descen-

333 396 493 447 deret.
565 395 667 447 Sed
706 412 773 447 ne
810 395 912 447 hoc
954 395 1171 461 quidem
1227 393 1523 444 institutum
1559 392 1811 459 perficere
1846 394 2046 459 potuit3
2095 393 2277 446 incidit

337 483 474 534 enim
513 484 565 534 in
601 483 846 545 latrone5‚
884 484 971 549 qui
997 498 1118 533 eum
1149 483 1366 547 captum
1406 480 1473 531 ad
1496 479 1767 532 Gallorum
1788 480 2079 547 principem
2108 482 2274 534 duxe-

331 574 472 634 runt,
524 572 607 623 cui
655 587 849 623 nomen
900 570 1144 623 Camelus
1195 568 1276 620 vel
1324 567 1575 620 Camillus
1623 570 1751 619 erat.
1823 567 1956 620 Eum
1993 569 2274 637 Appianus

330 659 608 725 hospitem,
656 659 753 711 Dio
805 660 1071 711 inimicum
1123 658 1280 709 fuisse
1329 656 1475 708 Bruti
1526 658 1722 707 narrat.
1790 655 1874 707 Ab
1915 656 2016 709 hoc
2059 659 2271 724 agnitus

328 751 379 798 et
416 750 657 814 receptus
687 750 791 808 est3
834 748 968 799 idem
1002 749 1184 797 tamen
1220 745 1455 797 Antonio
1491 744 1757 796 nuntiavit
1791 743 2015 796 Brutum
2053 748 2272 812 captum

329 850 457 899 esse,
492 835 757 886 Antonius
806 851 927 887 eum
970 834 1134 886 occidi
1186 833 1330 884 iussit
1346 832 1406 897 ²).
1474 831 1633 896 Quod
1682 832 1884 884 factum
1932 848 2046 885 esse
2090 833 2144 885 in
2177 833 2271 886 Se-

345 923 534 989 quanis
581 923 811 975 maxime
847 922 1119 989 probabile
1156 925 1259 982 est3
1307 937 1432 973 nam
1471 923 1524 972 et
1559 919 1775 972 Orosius
1810 919 2016 974 Livium
2059 926 2273 975 secutus

334 1010 556 1062 Brutum
593 1027 624 1062 a
661 1010 922 1078 Sequanis
971 1013 1184 1077 captum
1223 1014 1275 1062 et
1317 1010 1547 1062 occisum
1588 1025 1699 1061 esse
1734 1012 1919 1062 narrat
1933 1009 1977 1075 ⁸)
2026 1012 2079 1061 et
2125 1011 2270 1078 apud

326 1098 529 1150 Livium
547 1099 590 1163 ⁴)
624 1116 656 1151 a
695 1098 911 1166 Capeno
947 1099 1197 1166 Sequano
1237 1100 1465 1151 occisum
1503 1114 1616 1151 esse
1641 1098 1866 1150 Brutum
1902 1098 2155 1166 scriptum
2192 1101 2268 1152 vi-

335 1186 547 1246 demus3
599 1203 772 1253 neque
817 1188 955 1239 enim
1005 1188 1226 1239 dubium
1275 1188 1499 1251 videtur,
1546 1187 1673 1254 quin
1706 1186 1952 1254 Capenus
1997 1186 2081 1239 ille
2127 1188 2268 1241 idem

329 1274 609 1326 habendus
645 1276 708 1326 sit
746 1291 808 1327 ac
846 1274 1093 1328 Camelus
1128 1276 1237 1327 sive
1270 1275 1522 1328 Camillus
1557 1275 1715 1328 Vellei
1748 1280 1800 1328 et
1828 1275 2076 1343 Appiani.
2147 1276 2269 1329 Non

326 1364 501 1414 minus
541 1363 624 1415 hic
663 1363 808 1414 loeus
845 1364 940 1430 ipsi
978 1365 1050 1415 rei
1088 1365 1387 1430 aptissimus
1422 1368 1530 1424 est;
1569 1379 1685 1416 cum
1722 1364 1860 1416 enim
1893 1363 1953 1416 D.
1971 1364 2168 1417 Brutus
2197 1365 2268 1418 ab

333 1450 705 1516 Allobrogibus
755 1451 862 1502 fere
910 1453 1178 1518 profectus
1222 1453 1454 1518 primum
1500 1452 1752 1504 Rhenum
1792 1453 2012 1519 petierit,
2059 1453 2266 1518 deinde,

326 1540 639 1606 priusquam
672 1556 735 1591 eo
772 1540 1108 1606 pervenisset,
1156 1539 1256 1592 hoc
1303 1540 1489 1592 itinere
1532 1541 1714 1593 relicto
1763 1542 1923 1594 aliam
1970 1542 2266 1596 breviorem

323 1628 467 1679 viam
501 1628 798 1694 Aquileiam
848 1643 1031 1679 versus
1091 1629 1441 1695 capessiverit,
1488 1645 1704 1682 necesse
1737 1630 1835 1682 fuit
1882 1646 2004 1682 eum
2041 1647 2138 1698 per
2172 1630 2265 1684 Se-

323 1731 622 1781 quanorum
663 1716 794 1767 fines
831 1732 1117 1782 permeare.
1190 1716 1369 1780 Quare
1413 1719 1612 1784 optime
1651 1719 1720 1781 id,
1757 1719 1903 1785 quod
1944 1719 2120 1772 Livius
2155 1722 2262 1773 tra-

321 1803 465 1865 didit,
515 1804 584 1854 rei
640 1804 884 1855 convenit
937 1819 1035 1856 nec
1077 1821 1197 1856 cum
1234 1805 1548 1858 Drumanno
1584 1805 1648 1873 (1,
1684 1823 1734 1873 p.
1773 1807 1895 1872 358)
1939 1807 2260 1861 reiciendum

316 1892 409 1942 est.

434 2057 475 2110 1)
509 2070 649 2112 quam
688 2061 913 2100 memorat
943 2058 1110 2103 Strabo
1139 2059 1232 2113 IV„
1243 2059 1341 2104 208.

431 2128 474 2183 2)
506 2132 628 2184 App,
660 2129 700 2180 3,
716 2128 792 2180 98;
827 2128 1032 2174 Velleius
1064 2130 1334 2175 Paterculus
1365 2132 1405 2185 2,
1418 2133 1487 2178 64

430 2201 473 2253 3)
505 2199 630 2244 Oros.
663 2199 841 2254 6‚18‚7‚

427 2271 473 2326 4)
505 2270 600 2316 Liv.
632 2270 729 2315 120.
