2358 3892
1124 239 1184 291 15

317 390 472 456 ,Quae
508 388 636 441 dum
668 389 940 455 geruntur,
963 386 1256 449 Antoniam,
1294 403 1411 440 cum
1445 405 1472 438 e
1505 392 1649 442 metu
1680 395 1942 444 recreatus
1972 400 2118 462 esset,

186 478 447 541 aerarium
471 480 488 534 s
502 477 656 541 adiit,
705 476 847 545 quod
898 474 948 526 in
1000 475 1129 526 aede
1177 474 1304 541 Opis
1354 477 1733 530 reservabatur.
1813 480 1888 532 Ibi
1934 485 2121 550 septies

186 568 352 626 milies
404 566 508 620 Hs.
549 550 972 618 continebantur.
1044 565 1092 616 A
1129 563 1442 631 Calpurnia,
1492 564 1729 618 Caesaris
1767 584 1952 633 uxore,
1993 570 2123 624 Cae·

146 694 150 698 .
192 657 329 714 saris.
371 655 648 724 pecuniam
706 657 758 706 et
810 652 1220 720 chirographum
1258 653 1488 719 accepit,
1537 671 1674 721 quae
1710 656 1778 708 ad
1813 674 1868 709 se
1905 660 2126 712 conferri

186 745 352 805 iussit.
440 743 593 808 Quod
645 742 933 810 Calpurnia
979 741 1122 804 fecit,
1180 741 1287 793 sive
1335 741 1494 808 ipsius
1544 743 1755 796 Antonii
1806 746 1974 811 iussn,
2021 749 2127 801 sive

189 833 335 902 quod
391 848 697 901 persuasum
750 829 984 883 habebat
1049 829 1195 882 nullo
1249 830 1364 882 loco
1419 847 1482 883 ea
1537 848 1648 884 esse
1714 834 1909 887 tutiora
1960 853 2121 904 quam

190 923 333 992 apud
374 920 613 976 Caesaris
647 919 1110 974 familiarissimum
1133 919 1190 983 1).
1262 918 1381 983 Quo
1418 919 1560 972 facto
1598 938 1718 974 eum
1754 924 1998 978 satellites
2035 927 2130 979 sibi

194 1011 457 1079 collegisse
490 1009 770 1076 Appianus
801 1007 964 1061 tradit
983 1008 1040 1073 2’).
1102 1008 1358 1060 Senatum
1399 1012 1578 1061 autem
1617 1011 1720 1063 iam
1761 1015 1874 1064 tum
1906 1014 2130 1068 Antonio

194 1099 398 1170 dedisse
452 1101 768 1164 potestatem
823 1096 1015 1148 milites
1064 1097 1158 1148 sibi
1209 1098 1554 1164 comparandi
1605 1101 1744 1152 credi
1794 1118 1900 1155 non
1944 1107 2127 1170 potest.

195 1185 572 1241 Gravissimum
620 1185 742 1249 fuit,
796 1185 940 1252 quod
989 1185 1074 1238 ille
1120 1201 1152 1238 a
1188 1184 1474 1253 Calpurnia
1524 1187 1791 1242 dictatoris
1834 1194 1951 1244 acta
1999 1209 2124 1245 con-

194 1274 442 1346 siliaque,
492 1290 631 1342 quae
679 1275 730 1326 in
783 1276 1049 1340 posterum
1089 1275 1492 1342 conscripserat,
1529 1279 1742 1345 accepit.
1813 1279 1967 1343 Quod
2005 1299 2128 1334 vero

196 1362 589 1441 Drumannus3)
638 1361 980 1430 Calpurniam
1030 1364 1370 1430 vituperavit,
1428 1365 1571 1431 quod
1622 1367 2005 1434 imprudentius
2044 1371 2129 1423 illa

194 1452 430 1507 Antonio
479 1451 804 1514 tradidisset,
853 1451 897 1503 ei
943 1452 1179 1503 assentiri
1236 1452 1480 1520 equidem
1532 1471 1638 1506 non
1685 1473 1918 1523 possum.
1991 1459 2128 1512 Nihil

142 1551 143 1554 ’
194 1540 401 1603 melius
430 1540 516 1594 illa
562 1557 618 1593 se
664 1540 837 1594 facere
885 1541 1120 1608 putavit,
1172 1558 1335 1609 quam
1384 1543 1428 1594 si
1475 1544 1709 1611 coniugis
1744 1547 1914 1599 amico
1953 1549 2128 1600 omnia

194 1629 445 1683 traderet.

326 1718 506 1787 Atque
572 1718 829 1771 coniurati
894 1719 1137 1771 certiores
1201 1720 1324 1772 facti
1387 1720 1563 1788 Lepidi
1621 1722 1809 1775 milites
1869 1740 1972 1776 non
2023 1725 2126 1776 iam

192 1807 334 1862 dicto
382 1807 658 1860 audientes
697 1823 807 1859 esse
843 1823 966 1869 *cum
1005 1809 1242 1860 Antonio
1280 1809 1330 1860 in
1368 1811 1592 1875 gratiam
1633 1811 1800 1863 redire
1839 1811 2129 1865 voluerunt.

188 1894 347 1960 Quod
397 1897 632 1949 Antonio
689 1897 1042 1963 gratissimum
1099 1897 1222 1959 suit,
1291 1898 1486 1965 quippe
1541 1901 1626 1966 qui
1678 1900 1932 1967 Lepidum
1983 1902 2129 1954 novis

190 1983 366 2049 rebus„
387 1975 597 2038 studere
636 1987 1003 2053 perspexisset.

326 2073 588 2127 Antonius
626 2077 805 2127 autem
845 2075 1178 2143 Lepidusque
1216 2091 1336 2127 cum
1377 2075 1504 2127 alios
1544 2078 1654 2126 tum
1688 2076 1959 2128 Decimum
1991 2077 2126 2130 Bru-

188 2163 303 2226 tum
343 2161 598 2215 Albinum
649 2155 1116 2230 pertimescebant,
1171 2165 1251 2216 cui
1301 2180 1332 2215 a
1383 2163 1604 2216 Caesare
1654 2163 1818 2215 Gallia
1863 2163 2125 2232 Cisalpina

186 2266 305 2303 cum
347 2266 544 2317 magno
579 2252 808 2304 exercitu
845 2253 971 2304 data
1010 2257 1139 2305 erat.
1225 2252 1344 2316 Quo
1391 2253 1586 2304 factum
1625 2256 1731 2315 est,
1782 2255 1840 2304 ut
1876 2270 1995 2306 eum
2029 2255 2123 2306 sibi

186 2338 462 2392 conciliare
515 2341 891 2393 constituerent
910 2341 968 2406 4).
1043 2341 1314 2394 Dolabella
1364 2344 1540 2392 autem
1590 2340 1919 2405 adulescem,
1968 2343 2055 2409 qui
2094 2359 2122 2393 a

188 2426 416 2481 Caesare
469 2429 575 2480 iam
626 2429 802 2482 Roma
857 2431 1060 2482 exituro
1110 2430 1163 2481 in
1212 2429 1467 2496 reliquam
1519 2430 1640 2480 anni
1693 2433 1893 2494 partein
1944 2431 2124 2482 consul

186 2521 299 2581 erat
323 2503 654 2583 {designatus
690 2518 981 2583 insignibus
1018 2519 1244 2570 consulis
1282 2518 1513 2582 indutUS,
1551 2520 1761 2582 praeter
1796 2517 2119 2570 voluntatem

185 2604 404 2667 Antonii
438 2622 536 2659 nec
577 2607 687 2673 lege
725 2611 933 2660 creatus
971 2623 1067 2659 nec
1097 2610 1345 2674 praetura
1379 2605 1704 2671 perfunctus,
1742 2606 1966 2656 convitia
1996 2622 2122 2658 con-

185 2693 303 2747 tulit
344 2695 398 2746 in
435 2694 751 2759 Caesarem,
797 2697 1052 2748 simulans
1101 2713 1155 2747 se
1204 2694 1511 2761 participem
1562 2694 1932 2745 coniurationis
1970 2695 2123 2747 fuisse

185 2781 517 2852 invitumque
566 2783 635 2836 ab
683 2801 746 2836 eo
791 2785 1078 2836 occidendo
1130 2783 1330 2834 afuisse.
1411 2782 1545 2832 Sunt
1591 2781 1676 2847 qui
1723 2781 1950 2833 referant
2001 2798 2119 2834 euni

187 2870 393 2946 tulisse,
439 2876 499 2925 ut
549 2873 591 2924 is
643 2873 778 2934 dies,
826 2890 932 2940 quo
971 2871 1164 2924 Caesar
1211 2870 1500 2922 trucidatus
1544 2872 1702 2931 esset,
1759 2869 1810 2920 in
1848 2875 2118 2936 posterum

190 2959 378 3012 natalis
409 2962 552 3014 urbis
577 2962 945 3014 celebraretur.
990 2961 1107 3025 Qua
1131 2977 1184 3011 re
1207 2957 1507 3011 mercenarii
1542 2958 1726 3008 animis
1747 2959 1904 3020 aucti,
1929 2959 2121 3026 quippe

190 3046 278 3115 qui
326 3053 624 3122 praetorem
677 3054 727 3102 et
783 3051 1047 3102 consulem
1104 3050 1271 3114 ipsum
1328 3047 1379 3097 in
1432 3061 1528 3096 suo
1581 3061 1800 3097 numero
1850 3046 2119 3108 haberent,

190 3133 427 3190 Cassium
474 3139 691 3207 eiusque
735 3139 931 3192 amicos
969 3139 1377 3196 advocaverunt,
1415 3136 1471 3183 ut
1511 3133 1576 3184 de
1614 3133 1871 3200 Capitolio
1908 3134 2120 3186 descen-

304 3285 352 3341 1)
385 3288 501 3343 App.
536 3289 572 3340 l,
610 3289 699 3332 125.

303 3356 349 3411 2)
383 3358 498 3412 App.
533 3359 572 3409 3,
604 3360 730 3404 4-5.

303 3426 348 3481 3)
379 3426 415 3478 1,
445 3430 513 3471 85.

304 3496 350 3552 4)
383 3499 500 3555 App.
535 3499 573 3554 2,
611 3500 703 3544 124.
