2358 3892
1109 256 1176 308 ‚⁶23

171 405 521 477 qnestus'est.
602 403 804 458 Eodem
842 404 1003 457 modo
1039 403 1200 457 etiam
1237 403 1289 456 S.
1328 402 1433 468 C.‚'
1463 403 1571 472 quo
1605 404 1868 458 dictatura
1905 406 2115 459 sublata

172 495 292 558 est,
322 491 438 558 Iege
464 500 510 544 ‘a
548 492 849 544 consulibus
900 494 1086 558 rogata
1137 492 1508 545 confirmatum
1557 496 1649 545 est.
1721 493 1877 558 Quod
1913 493 2113 546 factum

172 595 284 634 esse
310 582 443 633 ante
478 580 582 632 V-ss.
619 580 691 632 Id.
731 581 959 648 AprileS,
995 581 1049 632 id
1088 583 1189 644 est,
1238 584 1530 648 antequam
1567 580 1751 634 Cicero
1787 582 1885 633 iter
1921 583 2114 646 inisset,

171 671 396 736 apparet
423 684 488 720 ex
510 667 614 720 Cic.
642 669 710 721 ad
740 669 850 721 Att.
883 669 961 731 14,
999 669 1022 720 1
1047 669 1099 720 ff.
1171 668 1362 734 Legem
1402 685 1528 720 vero
1564 685 1671 720 una
1697 685 1819 721 cum
1843 669 2115 722 Dolabella

171 756 466 810 Antonium
503 757 764 822 rogavisse
790 756 886 808 Dio
911 756 994 818 44,
1014 757 1077 808 511
1119 757 1409 808 memoriae
1436 756 1630 823 prodit.
1679 756 1858 820 Quam
1884 757 2114 824 populus

173 844 378 898 circiter
423 861 472 897 a.
515 844 566 896 d.
611 843 736 895 VIII.
782 843 897 895 Kal.
943 843 1109 897 Maias
1157 847 1329 896 ratam
1367 843 1504 896 fecit.
1579 844 1747 910 Quid,
1797 846 1942 912 quod
1988 846 2114 897 illud

174 932 474 1002 quoque.S.
506 931 591 996 C.,
640 932 787 998 quod
835 932 1036 984 factum
1082 934 1162 986 est
1210 948 1259 984 a.
1298 932 1344 984 d.
1389 932 1522 985 XVI.
1571 933 1688 984 Kal.
1726 934 1931 1000 Apriles
1947 969 1965 996 ,-
2010 950 2117 1000 quo

175 1021 437 1075 veteranis
451 1021 571 1086 ¹agri
591 1021 697 1072 iam
729 1021 989 1085 designati
1015 1025 1140 1072 sunt
1174 1021 1493 1084 confirmati,
1528 1024 1713 1088 postea
1744 1021 1856 1087 lege
1884 1021 2118 1073 Antonia

173 1109 253 1162 de
283 1107 483 1170 colonis
518 1108 573 1159 in
622 1125 775 1174 agros
824 1108 1148 1161 deducendis
1195 1112 1272 1160 est
1321 1109 1738 1162 confirmatum?
1807 1107 2119 1161 Manserunt

173 1196 330 1262 igitur
362 1212 505 1264 quae
520 1196 723 1250 caesar
749 1197 1095 1249 constituerat
1131 1213 1239 1249 non
1275 1197 1448 1249 solum
1477 1201 1621 1260 tunc,
1658 1198 1750 1249 sed
1778 1197 1939 1249 etiam
1978 1201 2119 1263 post-

169 1300 332 1352 quam
357 1284 656 1352 insequenti
671 1300 816 1336 anno
829 1300 1013 1336 mense
1032 1284 1320 1336 Februario
1348 1285 1487 1351 leges
1500 1285 1766 1343 Antoniae
1784 1286 1962 1337 irritae
1996 1289 2120 1337 sunt

170 1372 406 1439 factaal)
475 1373 655 1426 Pansa
690 1373 832 1425 enim
880 1373 987 1425 iam
1024 1375 1151 1425 ante
1189 1373 1309 1425 Idus
1347 1373 1660 1426 Februarias
1699 1374 1869 1440 legem
1909 1374 2113 1426 Vibiam

167 1461 235 1514 de
284 1462 414 1514 actis
465 1459 708 1514 Caesaris
761 1461 1148 1528 promulgavit,
1216 1478 1356 1528 quae
1409 1478 1591 1514 mense
1646 1461 1835 1514 Martio
1896 1462 2116 1514 comitiis

168 1550 474 1604 centuriatis
521 1553 598 1601 est
637 1549 843 1617 perlata
857 1550 915 1616 2).
991 1549 1069 1602 Ex
1117 1549 1217 1615 eiS,
1264 1567 1402 1617 quae
1456 1554 1580 1602 sunt
1629 1551 1773 1618 apud
1811 1550 2115 1605 Ciceronem

156 1637 302 1691 Phil.
324 1639 377 1701 5,
398 1637 465 1690 10
493 1638 594 1704 .(»si
629 1653 792 1705 quam
833 1638 998 1704 legem
1028 1667 1095 1674 —
1124 1638 1326 1702 dicitur,
1363 1639 1576 1691 easdem
1617 1639 1756 1704 leges
1792 1639 1858 1691 de
1894 1639 2118 1705 integrO,

168 1729 230 1779 ut,
270 1725 534 1794 populum
597 1730 846 1792 teneant,
910 1726 1067 1779 salvis
1109 1726 1353 1794 auspiciis
1401 1726 1516 1779 ⁴fieri
1576 1726 1801 1794 placet«)
1886 1727 2118 1792 Langius

169 1815 306 1868 effici
357 1815 471 1868 vult
525 1831 622 1882 pro
673 1814 790 1881 lege
839 1815 1075 1867 Antonia
1123 1815 1210 1867 illa
1264 1815 1467 1868 Vibiam
1516 1815 1684 1881 legem
1725 1816 1799 1872 -de
1852 1809 2118 1868 dictatura

167 1903 402 1957 tollenda
443 1919 557 1957 esse
595 1907 888 1969 acceptam.

299 1992 492 2044 Restat
528 1994 587 2043 ut
619 1991 870 2058 exemplis
906 1991 1224 2058 quibusdam
1263 2006 1355 2052 ea,
1407 2004 1544 2055 quae
1580 1987 1948 2050 disseruimus,
1999 1986 2118 2039 illu-

165 2082 408 2133 stremus.
478 2080 747 2132 Praebent
794 2081 945 2132 nobis
982 2096 1038 2131 se
1076 2095 1268 2131 causae
1303 2076 1735 2140 Buthrotiorum,
1778 2075 2114 2138 Iudaeorum,

85 2201 89 2206 ,
164 2169 304 2235 regis
323 2169 576 2221 Deiotari.
645 2169 1048 2221 Buthrotiorum
1074 2168 1212 2219 enim
1236 2183 1363 2232 ager
1390 2166 1512 2217 vivo
1540 2165 1765 2218 Caesare
1791 2164 2115 2230 proscriptus

167 2260 297 2310 erat.
346 2258 555 2310 Atticus
579 2257 863 2311 Caesarem
890 2274 982 2325 per
1011 2258 1208 2309 litteras
1230 2256 1401 2308 oravit
1425 2258 1585 2321 atque
1615 2253 1924 2318 obsecravit,
1949 2256 2004 2304 ut
2024 2251 2118 2303 illis

166 2349 420 2413 parceret.
446 2346 647 2399 Deinde
666 2346 861 2399 Caesar
878 2347 1172 2412 admonuit,
1195 2349 1252 2397 ut
1269 2345 1570 2411 pecuniam,
1589 2359 1753 2410 quam
1770 2343 2113 2410 imposuerat,

167 2436 426 2504 reliquam
447 2436 518 2489 ad
545 2436 682 2488 diem
707 2436 971 2488 solverent
991 2434 1270 2487 Buthrotii.
1317 2433 1436 2496 Quo
1464 2434 1617 2495 factu,
1645 2447 1767 2484 cum
1790 2431 1900 2483 Atti
1930 2446 2023 2482 cus
2053 2430 2118 2481 de

169 2541 268 2578 suo
293 2526 574 2593 pecuniam
601 2525 1013 2590 numeravisset,
1055 2523 1252 2576 Caesar
1274 2523 1510 2586 colonOS,
1542 2522 1634 2588 qui
1663 2521 1771 2572 iam
1801 2519 2120 2571 Buthrotum

171 2613 459 2682 profecturi
494 2617 664 2677 erant,
696 2614 864 2666 alium
900 2614 954 2664 in
992 2629 1181 2679 agrum
1215 2611 1368 2664 ⁴iussit
1399 2610 1606 2663 deduci.
1679 2609 1904 2661 Caesare
1940 2610 2120 2659 autem

174 2700 474 2767 imerfecto,
521 2707 580 2755 ut
604 2704 844 2771 primum
882 2719 947 2755 ex
982 2702 1034 2755 S.
1064 2701 1140 2754 Co
1178 2717 1368 2753 causas
1405 2700 1649 2753 consules
1687 2713 2004 2764 cognoscere
2042 2696 2122 2747 in-

174 2794 478 2857 stituerunt,
517 2810 602 2845 res
638 2795 708 2845 ad
746 2810 837 2846 eos
866 2793 1074 2860 perlata
1109 2794 1205 2844 est.
1267 2791 1547 2843 Decretum
1575 2789 1813 2842 Caesaris
1844 2788 2121 2839 recitatum

175 2884 507 2948 estetmulti
533 2886 809 2951 praeterea
834 2882 991 2934 libelli
1017 2881 1254 2934 Caesaris
1277 2879 1487 2948 prolati.
1557 2878 1812 2931 Consules
1838 2877 1903 2928 de
1928 2875 2123 2927 consilii

177 2958 440 3027 sententia
454 2973 810 3025 ¹decreverunt
832 2972 1124 3024 secundum
1160 2970 1466 3022 Buthrotios
1483 2970 1542 3033 3).
1605 2967 1681 3019 Ex
1711 2983 1766 3018 re
1790 2966 1877 3017 illa
1899 2965 2127 3016 Buthro-

176 3063 372 3116 tiorum
396 3061 597 3129 optime
627 3077 943 3127 cognoscere
976 3076 1276 3127 possumUS,
1314 3075 1421 3125 qua
1444 3058 1648 3110 ratione
1672 3057 1723 3107 in
1752 3055 1943 3107 talibus
1969 3054 2126 3105 rebus

179 3149 563 3204 constituendis
599 3151 680 3202 usi
724 3149 829 3202 sint
867 3149 1207 3215 magistratus
1243 3146 1495 3200 Romani.
1566 3144 1846 3197 Caesarem
1889 3142 2126 3194 videmus

292 3352 345 3410 1)
364 3347 475 3397 cic.
495 3351 616 3397 Phil.
651 3353 822 3407 12,12;
855 3356 895 3406 6,
928 3353 983 3405 3;
1030 3353 1097 3405 13,
1133 3352 1185 3405 5;
1217 3352 1256 3406 8,
1275 3350 1341 3394 27.
1370 3375 1427 3383 -
1460 3349 1505 3405 2)
1539 3347 1628 3391 Cic.
1660 3346 1777 3389 Phil.
1801 3346 1866 3397 10,
1890 3346 1965 3395 173
1999 3342 2064 3394 13,
2083 3341 2135 3383 31

298 3439 345 3495 3)
387 3438 476 3486 cio.
500 3440 559 3484 ad
580 3440 949 3495 Att.16,16‚4f.;
983 3440 1053 3484 111.
1099 3440 1186 3488 152
1218 3439 1282 3490 14,
1310 3437 1429 3490 14,6;
1463 3434 1674 3487 14,17,2;
1710 3430 1914 3483 14,19‚4;
1949 3430 2013 3485 14,
2032 3426 2129 3479 20‚2

182 3511 250 3565 15,
281 3510 365 3565 2‚2.
