2358 3892
1169 262 1235 317 29

233 410 476 480 tidius1),
515 411 709 483 partim
729 409 936 466 Romae
973 417 1248 466 manentes
1278 431 1377 482 pro
1405 415 1534 469 virili
1564 419 1714 484 parte
1743 434 1825 470 res
1842 418 2172 475 Antonianas

217 498 507 568 augebant,
543 501 688 553 velut
722 500 900 553 Fufius
937 500 1163 553 Calenus
1181 501 1245 567 ²).
1320 502 1498 570 Atque
1533 505 1669 557 adeo
1706 506 1766 557 P.
1797 506 2067 561 Ventidius
2105 510 2158 562 in

218 587 450 642 colonias
485 588 770 656 profectus,
806 587 1017 640 duabus
1056 591 1430 642 veteranorum
1471 591 1761 657 legionibus
1794 596 2000 659 coactiS,
2039 614 2159 650 cum

215 676 423 729 Romae
475 677 951 744 appropinquaret,
999 675 1307 730 Ciceronem
1354 680 1686 746 potissimum
1725 685 1780 733 ut
1819 685 2164 751 comprehen-

213 763 382 836 deret,
431 781 658 832 magnus
707 781 796 818 eos
844 765 1014 818 timor
1060 765 1273 830 incessi,
1320 767 1580 835 multique
1630 771 1760 822 urbe
1796 772 2159 839 profugerunt.

213 853 320 907 Sed
355 870 478 907 cum
512 855 582 906 ad
611 854 903 908 Antonium
944 853 1380 922 proficisceretur,
1422 857 1491 909 ab
1524 857 1693 910 Hirtio
1728 862 1778 911 et
1802 859 2027 914 Caesare
2062 863 2159 915 im-

217 942 426 1010 peditus
473 947 574 1006 est,
621 959 690 996 ne
738 943 807 996 ad
859 959 979 996 eum
1019 945 1336 1011 perveniret.
1410 945 1560 1010 Quae
1599 963 1719 998 cum
1762 948 1832 1000 ita
1869 953 2059 1015 essent,
2107 952 2160 1004 in

213 1025 466 1080 Picenum
505 1042 791 1079 conversus
826 1026 984 1080 aliam
1024 1027 1284 1094 legionem
1323 1029 1392 1081 ibi
1430 1031 1728 1096 composuit
1741 1030 1807 1097 ³).

353 1115 501 1179 Quae
537 1115 667 1168 dum
700 1118 974 1183 geruntur,
1009 1114 1078 1168 Μ.
1107 1115 1256 1169 Bruti
1293 1117 1499 1170 litterae
1532 1118 1764 1171 Romam
1800 1119 1991 1172 allatae
2022 1124 2159 1173 sunt.

215 1205 319 1270 Qui
365 1220 489 1256 cum
526 1203 710 1257 Cassio
755 1195 995 1257 Athenas
1045 1204 1341 1272 profectuS,
1395 1206 1624 1258 exercitu
1680 1207 1916 1260 celeriter
1964 1213 2161 1274 coact0,

217 1293 269 1347 in
296 1293 663 1347 Macedoniam
702 1310 758 1346 se
797 1293 1110 1346 contulerat.
1167 1293 1242 1346 Ibi
1277 1294 1464 1347 habuit
1500 1295 1745 1360 legioneS,
1782 1313 1916 1363 quas
1944 1296 2005 1360 Q.
2028 1297 2162 1350 Hor-

213 1382 413 1436 tensius
448 1381 663 1436 Ortalus
699 1382 1096 1450 conscripserat,
1134 1385 1185 1435 et
1221 1399 1355 1450 quas
1391 1383 1448 1437 C.
1480 1384 1717 1437 Antonio
1754 1385 1881 1437 dare
1911 1386 2159 1452 debuit4).

220 1470 350 1524 Item
386 1470 446 1524 P.
468 1470 724 1534 Vatinius
765 1471 858 1538 qui
894 1472 1052 1524 etiam
1089 1473 1215 1525 tunc
1240 1472 1445 1540 Illyrico
1479 1476 1739 1540 praeerat,
1775 1474 1819 1526 ei
1854 1474 2160 1542 Dyrrhachii
2209 1483 2211 1487 ·

217 1559 463 1628 legioneS‚
496 1560 549 1613 in
587 1558 780 1627 quibus
821 1558 878 1612 C.
903 1560 1165 1612 Antonius
1203 1576 1417 1613 omnem
1455 1577 1604 1629 spem
1632 1565 1897 1629 posuerat,
1930 1563 2158 1616 tradidit.

217 1645 275 1702 C.
302 1650 482 1702 autem
515 1647 796 1712 AntoniuS,
831 1648 980 1700 cuius
1012 1649 1227 1702 consilia
1259 1665 1322 1702 ea
1352 1666 1411 1702 re
1441 1649 1600 1716 plane
1631 1651 1697 1703 acl
1728 1650 1929 1702 irritum
1960 1650 2159 1703 cecide-

214 1741 356 1799 rant,
375 1736 692 1804 Apolloniae
713 1752 833 1790 cum
858 1739 1059 1804 septem
1083 1737 1390 1789 cohortibus
1411 1741 1766 1791 commoratus
1787 1741 1861 1789 est
1875 1737 1939 1803 5).
1978 1738 2160 1806 Neque

213 1824 379 1879 defuit
414 1823 581 1878 Bruto
627 1825 878 1893 pecunia,
930 1842 1093 1893 quam
1130 1828 1182 1878 et
1217 1826 1287 1878 ab
1322 1825 1391 1878 M.
1421 1826 1686 1894 Appuleio
1723 1830 2027 1894 quaestore,
2068 1828 2157 1894 qui

213 1930 279 1968 ex
315 1914 444 1968 Asia
494 1931 528 1967 a
565 1912 627 1967 C.
657 1914 923 1967 Trebonio
960 1915 1215 1980 redierat,
1269 1917 1322 1968 et
1357 1932 1390 1968 a
1428 1914 1483 1967 C.
1511 1915 1740 1967 Antistio
1773 1914 1959 1966 Vetere
1996 1931 2158 1983 quae-

214 2005 370 2067 store,
406 2003 496 2072 qui
537 2019 603 2056 ex
638 2002 790 2071 Syria
827 2006 1137 2066 reverterat,
1174 2006 1468 2071 acceperat.
1521 2003 1655 2056 Cum
1696 2004 1762 2055 de
1799 2002 1943 2054 Bruti
1977 2003 2156 2055 litteris

211 2107 397 2144 mense
432 2091 723 2145 Februario
772 2092 826 2144 in
875 2095 1093 2156 senatu,
1144 2107 1302 2157 quem
1354 2092 1533 2144 Pansa
1582 2091 1843 2155 habebat,
1896 2094 2155 2158 ageretur,

206 2178 392 2233 Cicero
439 2181 646 2247 rogavit
659 2179 727 2246 ⁶),
765 2182 824 2233 ut
858 2179 927 2232 M.
955 2179 1153 2232 Brutus
1190 2180 1460 2233 iuberetur
1491 2195 1612 2232 cum
1653 2181 1883 2233 exercitu
1913 2179 2155 2232 Macedo-

205 2269 349 2322 niam
385 2271 438 2322 et
460 2268 736 2323 Graeciam
774 2268 1058 2322 defendere
1096 2272 1148 2321 et
1174 2285 1295 2322 cum
1329 2269 1558 2322 exercitu
1592 2285 1752 2336 quam
1782 2268 2016 2336 proxime
2040 2284 2152 2320 esse

203 2357 426 2412 Italiam.
495 2357 557 2422 Q.
579 2358 895 2412 Hortensius
925 2374 1046 2410 cum
1069 2357 1237 2411 Bruto
1262 2361 1416 2422 esset,
1454 2358 1632 2425 quoad
1670 2359 1886 2409 senatus
1915 2356 2154 2408 nomina-

203 2449 309 2511 ret,
363 2447 455 2515 qui
501 2446 821 2500 succederet.
898 2445 1242 2514 Quamquam
1294 2462 1420 2499 vero
1452 2446 1634 2498 Fufius
1670 2444 1898 2498 Calenus
1944 2445 2152 2508 tulerat,

205 2537 267 2590 ut
312 2534 542 2603 legiones
585 2534 653 2587 M.
695 2534 861 2588 Bruto
909 2535 1272 2588 adimerentur
1290 2535 1347 2601 ⁷),
1399 2538 1562 2603 atque
1614 2533 1710 2586 etsi
1760 2549 1866 2585 non
1919 2531 2153 2584 veterani

206 2624 370 2678 modo
408 2622 670 2686 CaesariS,
705 2623 796 2676 sed
835 2624 995 2677 etiam
1030 2623 1355 2677 Octavianus
1392 2623 1683 2689 aegerrime
1718 2621 1970 2686 ferebant,
2008 2619 2151 2688 quod

203 2713 401 2767 Brutus
456 2712 596 2766 adeo
643 2712 933 2765 honoribus
983 2710 1365 2779 afficereturss),
1415 2714 1593 2764 tamen
1631 2711 1682 2763 S.
1717 2709 1774 2763 C.
1806 2709 1858 2761 in
1894 2707 2153 2761 Ciceronis

205 2801 525 2856 sententiam
562 2801 759 2854 factum
801 2804 893 2853 est.
947 2801 1128 2855 Mense
1158 2804 1338 2854 autem
1368 2799 1558 2852 Martio
1586 2798 1814 2851 Romam
1847 2797 2148 2849 nuntiatum

325 3019 372 3076 1)
400 3018 503 3067 Nic.
534 3019 604 3065 26.
663 3019 754 3065 Cic.
786 3020 846 3064 ad
877 3019 977 3064 Att.
1010 3019 1078 3072 14,
1110 3019 1222 3072 10‚2.

319 3090 368 3146 2)
399 3090 487 3136 Dio
517 3091 588 3144 46,
619 3091 688 3135 32.

333 3162 380 3218 3)
425 3163 543 3220 App.
577 3163 617 3216 3,
646 3163 714 3207 66.
739 3163 806 3208 72.
862 3161 952 3207 Cic.
982 3161 1099 3206 Phil.
1137 3160 1204 3212 12,
1225 3159 1296 3203 23.

319 3234 365 3289 4)
397 3233 483 3278 Dio
512 3234 583 3287 47,
616 3235 672 3278 20
686 3234 735 3279 ff.
793 3233 917 3278 Plut.
948 3233 1079 3277 Brut.
1111 3232 1167 3275 24
1181 3230 1229 3275 ff.
1290 3228 1408 3274 Vell.
1442 3227 1482 3281 2,
1513 3227 1568 3270 69
1580 3226 1610 3270 f.

321 3306 364 3361 5)
392 3305 512 3363 App.
545 3305 676 3363 Illyr.
709 3304 777 3350 13.
810 3305 854 3349 b.
885 3319 923 3349 c.
955 3305 996 3357 4,
1030 3304 1099 3347 75.

318 3377 366 3430 6)
401 3376 493 3422 Cic.
525 3378 583 3422 ad
615 3378 748 3423 Brut.
779 3377 820 3430 2,
852 3377 936 3430 5,4.
994 3375 1085 3420 Cic.
1116 3372 1233 3418 Phil.
1265 3372 1305 3415 3.

320 3447 368 3503 7)
400 3447 490 3494 Cic.
522 3448 640 3494 Phil.
677 3450 744 3502 10,
775 3447 904 3492 4—6.

319 3517 364 3574 8)
395 3517 483 3564 Dio
513 3520 584 3575 47,
613 3520 683 3565 22.
752 3518 874 3564 Vell.
905 3517 947 3572 2,
976 3519 1047 3562 65.
