2358 3892
1126 220 1194 282 45

185 369 428 438 {equam-
456 366 753 420 Antonium
791 366 996 418 circiter
1031 382 1079 418 a.
1116 367 1166 418 d.
1205 366 1289 419 IV.
1327 367 1408 419 vel
1443 367 1505 418 V.
1533 365 1848 419 no‘nsMaias
1877 368 1945 420 ad
1982 368 2129 420 Vada

187 469 503 526 pemussse.
530 453 615 508 Ἀ.
645 452 697 506 d.
729 451 835 506 V·11.'
850 453 968 506 idus
1003 453 1171 507 Maias
1189 455 1453 522 equitatus
1471 454 1686 506 Antonii
1718 454 1851 507 duce
1871 455 2128 508 Trebellio

187 542 704 602 uersusPollentiam
734 540 999 609 profectus
1030 544 1124 594 est.
1181 542 1300 595 Uno
1327 543 1412 595 die
1444 543 1527 595 vel
1557 543 1916 610 compluribus
1948 544 2129 597 diebus

185 633 309 700 past
336 647 391 685 -a.
433 629 481 682 d.
522 630 578 681 V.
618 631 685 682 id.
736 629 902 682 Maias
917 629 1233 682 Pollentiam
1253 631 1469 682 advenit
1487 630 1682 682 Brutus
1702 631 1860 697 idque
1876 632 2127 698 oppidum

187 719 344 788 cepit,
403 718 562 783 Quod
598 718 1044 786 opportunissime
1081 718 1315 770 Antonio
1353 719 1556 781 accidit,
1596 719 1719 786 quia
1755 735 1816 770 ea
1854 735 1908 771 re
1946 720 2131 772 milites

188 807 356 866 coacti
392 810 532 870 sunt,
571 811 633 862 ut
656 821 779 858 cum
800 805 934 857 duce
961 805 1121 871 Alpes
1144 806 1443 869 transirent,
1479 807 1621 874 quod
1659 809 1715 857 ut
1743 805 1988 869 facerent,
2014 824 2132 874 pre·

190 895 370 956 cibus
393 911 508 952 eos
546 893 812 947 adducere
863 909 970 945 non
1012 896 1272 960 potuerat.
1355 893 1412 946 ld
1467 895 1540 946 ita
1589 894 1745 946 fuisse
1800 896 2133 961 cognoscitur

186 999 260 1044 ex·
295 983 500 1057 eadem
533 982 764 1054 epistula
796 981 999 1054 Decimi
1049 980 1165 1048 (ad
1197 982 1302 1034 fam
1346 983 1424 1045 11,
1478 982 1591 1047 13a,
1647 982 1725 1047 3)·
1777 984 1981 1036 »contio
2026 985 2134 1036 eius

191 1072 263 1130 ad
299 1087 383 1130 me
418 1075 501 1126 est
532 1070 708 1134 allata,
758 1070 811 1122 in
847 1085 954 1137 qua
998 1073 1176 1136 petere
1212 1071 1385 1138 coepit
1420 1086 1472 1122 a
1488 1070 1755 1134 militibus,
1802 1074 1860 1123 ut
1898 1089 1952 1124 se
1990 1060 2134 1137 trans

189 1160 353 1228 Alpes
387 1161 760 1227 sequerentur:
797 1158 895 1210 sibi
923 1173 1044 1211 cum
1073 1158 1140 1211 M.
1168 1158 1364 1226 Lepido
1402 1158 1698 1210 convenire.
1753 1159 2133 1226 succlamatum

189 1251 270 1322 est
302 1247 363 1307 ,ei
410 1248 714 1314 frequenter
762 1263 793 1301 a
842 1246 1090 1316 militibus
1138 1246 1462 1299 Ventidianis
1514 1274 1579 1282 —
1630 1262 1756 1298 nam
1810 1263 1932 1299 suos
1980 1248 2135 1300 valde

194 1348 358 1405 quam
395 1335 804 1403 paucoshabet
842 1363 903 1370 —
943 1335 1041 1386 sibi
1090 1338 1185 1389 aut
1228 1335 1281 1386 in
1329 1334 1479 1403 Italia
1529 1335 1861 1401 pereundum
1894 1352 2005 1388 esse
2041 1341 2134 1388 aut

191 1425 538 1490 *vincendum3
564 1427 627 1479 et
647 1440 797 1477 orare
825 1426 1133 1491 coeperunt,
1170 1426 1229 1475 ut
1253 1422 1569 1476 Pollentiam
1603 1423 1701 1475 iter
1738 1423 1984 1475 facerent.
2015 1441 2134 1476 curn

191 1513 454 1574 sustinere
487 1529 577 1565 eos
594 1525 704 1571 non
730 1515 924 1579 posset,
960 1513 1011 1564 in
1039 1514 1310 1578 posterum
1350 1511 1487 1563 diem
1516 1511 1616 1562 iter
1639 1527 1796 1563 suum
1823 1512 2136 1576 contulit‹¹).

190 1601 274 1661 Ac
301 1602 406 1659 iam
422 1601 620 1667 Lepido
646 1603 761 1658 erat
790 1599 1064 1652 consilium
1093 1599 1426 1666 capiendum,
1457 1601 1634 1651 utrum
1657 1598 1943 1650 Antonium
1971 1600 2139 1667 repel-

189 1690 323 1749 leret
346 1705 436 1749 :an
475 1689 538 1747 ,in
578 1689 864 1747 amicitiam
913 1687 1209 1755 reciperet„
1254 1687 1484 1754 Lepidus
1531 1703 1629 1742 nec
1675 1687 1847 1738 minus
1895 1688 2138 1749 PlancuS,

190 1790 434 1846 §monam
466 1779 519 1830 in
544 1793 656 1830 rem
693 1777 960 1845 publicam
999 1775 1192 1839 fuerint
1227 1776 1424 1840 animo,
1460 1792 1570 1828 non
1612 1775 1762 1830 Facile
1804 1780 1879 1828 est
1918 1777 1983 1828 ad
2023 1793 2139 1842 per-

193 1867 538 1935 spiciendum.
585 1865 852 1921 Ciceronis
896 1865 1036 1921 enim
1074 1865 1328 1932 epistulae
1354 1865 1425 1916 ad
1455 1865 1596 1917 hanc
1623 1881 1739 1917 rem
1762 1864 2137 1931 explorandam

192 1956 502 2015 cautissime
532 1957 657 2007 sunt
675 1954 1037 2014 adhibendae;
1074 1969 1198 2006 nam
1240 1953 1351 2005 eius
1386 1953 1612 2005 multum
1650 1953 1915 2014 intererat,
1951 1956 2008 2005 ut
2028 1952 2141 2004 illos

140 2075 144 2079 -
194 2044 391 2102 infide
412 2043 1135 2110 retineret,‘ideoque'saepe
1171 2059 1261 2095 eos
1295 2042 1454 2094 laude
1483 2042 1774 2094 cumulavit
1811 2058 1874 2093 eo
1910 2041 2140 2103 consili0,

195 2135 259 2190 ut
291 2133 358 2191 illi
394 2133 547 2189 bene
554 2133 812 2186 sentirent
848 2132 915 2184 de
947 2148 1006 2183 re
1039 2130 1269 2198 publica.
1341 2131 1451 2183 Nec
1489 2146 1616 2183 vero
1666 2130 1753 2193 illi,
1792 2130 1881 2198 qui
1918 2132 2075 2181 antea
2109 2146 2141 2181 a

197 2219 423 2279 Caesare
455 2223 729 2284 steterant,
766 2220 984 2273 Antonii
1020 2219 1308 2272 exercitum
1360 2219 1533 2271 delere
1567 2219 1864 2281 voluerunt,
1909 2234 2027 2271 cum
2069 2218 2142 2269 eis

197 2326 413 2412 quoque
444 2326 479 2363 a
512 2310 679 2366 Bruto
717 2291 1007 2376 Cassioque
1042 2308 1334 2375 periculum
1367 2308 1599 2360 instaret.

321 2399 540 2468 Romae·
566 2413 781 2466 quoque
810 2413 875 2452 ea
899 2396 1232 2463 gerebantur,
1263 2411 1400 2462 quae
1438 2396 1511 2447 eis
1542 2394 1758 2446 minime
1787 2393 1994 2460 placere
2024 2409 2142 2460 pos-

197 2464 331 2558 sent.
387 2487 453 2552 Q.
480 2486 622 2545 enim
639 2485 919 2541 Cornificio
953 2484 1079 2537 data
1109 2487 1185 2536 est
1211 2483 1482 2551 provincia
1502 2483 1680 2535 Africa
1701 2497 1842 2533 nova
1868 2472 2142 2548 iussusque

197 2574 276 2632 est
312 2576 446 2629 duas
476 2591 542 2628 ex
575 2574 868 2640 legionibus
899 2572 960 2625 Τ.
998 2572 1173 2638 Sextii,
1224 2571 1312 2639 qui
1347 2571 1416 2622 illi
1456 2570 1758 2637 provinciae
1794 2573 2053 2636 praeerat,
2091 2572 2143 2620 et

198 2665 435 2719 intimus
475 2663 650 2716 locum
684 2663 791 2714 iam
829 2664 990 2713 antea
1025 2662 1243 2716 senatus
1270 2659 1322 2712 S.
1353 2658 1662 2723 Quintilium
1692 2657 1890 2709 Varum
1913 2657 2142 2710 destina-

198 2752 420 2819 verae),
453 2753 506 2804 in
531 2750 741 2805 Italiam
766 2749 1033 2815 mitteress).
1082 2748 1144 2802 Ο.
1182 2750 1364 2802 autem
1392 2747 1604 2800 Asinius
1631 2744 1797 2800 Pollio
1837 2746 1888 2798 in
1921 2745 2143 2811 epistula

199 2859 253 2896 a.
281 2842 334 2895 d.
362 2841 474 2894 XV.
503 2840 619 2893 Kal.
648 2838 814 2892 Maias
847 2837 1132 2891 Cordubae
1163 2837 1364 2904 scripta
1399 2835 1660 2903 pollicitus
1698 2836 1813 2886 erat
1850 2850 1904 2885 se
1934 2834 2141 2885 senatui

200 2931 536 2996 adiuturum,
587 2943 726 2996 quae
771 2926 995 2994 epistula
1045 2928 1227 2979 utrum
1274 2925 1472 2992 scripta
1518 2924 1584 2975 sit
1632 2940 1684 2975 a.
1736 2923 1787 2974 d.
1834 2921 1986 2974 XVII.
2028 2921 2139 2973 Kal.

235 3066 258 3071 ”
322 3080 363 3150 ’1)
395 3065 462 3139 of.
491 3062 543 3138 1..
573 3063 861 3144 Guffittiua
885 3061 976 3136 Der
1009 3079 1331 3136 Briefwechsel
1365 3089 1588 3133 zwisohen
1618 3059 1774 3133 cicero
1806 3087 1898 3130 und
1935 3086 2143 3130 Decimus

202 3166 394 3219 Bruma,
426 3165 558 3210 Neue
590 3163 877 3210 Jahrbiicher
908 3164 982 3207 fiir
1007 3162 1267 3223 Philologie
1301 3162 1396 3206 und
1420 3159 1704 3231 Padagogik,
1735 3158 1862 3201 Band
1893 3157 1988 3210 121,
2020 3157 2143 3209 1880,

208 3251 252 3294 μ
284 3237 484 3365 θὲξίὸῑο.
517 3309 635 3354 Phil.
669 3309 735 3363 13,
769 3311 838 3354 30.

313 3380 366 3438 3)
397 3382 458 3426 ad
494 3381 602 3426 fam.
639 3381 707 3434 11,
737 3381 805 3434 14,
837 3381 889 3434 2;
922 3381 988 3439 10,
1017 3379 1086 3437 24,
1118 3382 1160 3424 4.
1190 3381 1243 3430 8;
1284 3377 1400 3433 App.
1432 3374 1545 3427 3,85.
