2358 3892
1118 185 1188 239 47

182 331 511 389 'Octavianus
547 333 631 386 ad
679 330 876 386 ‘urbem
924 334 1212 387 accederet.
1274 334 1390 386 Sed
1443 331 1781 396 Octavianus
1843 332 1970 386 cum'
2014 331 2126 386 ill'o's

185 425 317 476 cum.
338 421 610 479 militibus
629 421 856 490 colloqui
894 419 1073 487 nollet,
1105 420 1364 490 quosdam
1402 437 1467 474 ex
1505 420 1847 473 familiaribus
1877 422 1946 473 ad
1984 422 2125 488 lega-

185 513 274 563 tos*
300 513 518 562 senatus
554 509 710 575 misit,
745 510 834 578 qui
870 526 962 562 eos
998 512 1215 562 orarent
1253 512 1413 574 atque
1450 509 1806 571 obsecrarent,
1854 512 1914 560 ut
1946 510 2121 563 statim

179 594 429 649 redirent.
506 597 699 665 Magna
752 601 865 650 tum
917 599 1125 651 Romae
1171 598 1500 665 perturbatio
1553 600 1604 648 et
1655 597 1934 664 trepidatio
1983 599 2125 651 facta

179 687 273 737 eet.
343 685 580 738 Fuerunt
609 687 700 754 qui
736 687 943 739 senatui
980 686 1182 738 crimini
1220 686 1425 748 darent,
1466 685 1610 753 quod
1643 684 1925 738 Caesarem
1959 687 2125 739 offen-

177 772 404 839 disse-v),
493 774 676 827 Cicero
737 778 918 827 autem
983 790 1246 841 nusquam
1288 774 1603 839 comparuit.
1676 772 1827 837 Quae
1878 790 2000 826 cum
2050 774 2121 828 ita

178 865 370 926 essent,
431 879 540 915 non
590 862 760 915 solum
818 863 957 916 dena
1007 862 1150 915 milia
1207 861 1330 925 HS„
1395 877 1498 929 que
1532 883 1534 885 >
1565 861 1753 927 legioni
1810 862 2030 915 Martiae
2074 867 2126 916 et

180 949 405 1018 quartae
443 954 662 1002 senatus
711 938 870 1003 antea
910 947 1242 1017 promiserat,
1293 950 1383 1002 sed
1423 950 1607 1002 vicena
1646 949 1790 1002 milia
1825 950 1875 1002 H
1911 950 1963 1003 S.
2004 955 2125 1004 octo

178 1037 475 1104 legionibus
496 1038 742 1092 Caesaris
767 1039 955 1091 viritim
985 1038 1198 1090 decreta
1229 1042 1354 1090 sunt
1370 1038 1688 1106 placuitque,
1724 1041 1783 1090 ut
1808 1038 2004 1092 Caesar
2039 1040 2124 1093 illa

178 1125 290 1194 ipse
319 1127 654 1181 distribueret
682 1130 833 1195 eique
863 1127 1066 1180 absenti
1084 1127 1416 1180 consulatum
1437 1131 1618 1195 petere
1647 1127 1839 1180 liceret.
1911 1129 2014 1180 Sed
2053 1128 2125 1180 le·

179 1210 323 1281 'gat-is
366 1216 551 1280 missiS,
603 1216 694 1284 qui
743 1217 810 1268 illi
858 1232 922 1269 ea
969 1211 1306 1279 nuntiarent,
1368 1211 1671 1269 senatorum
1726 1217 1888 1269 animi
1928 1233 2126 1269 ,rursus

178 1304 322 1356 aucti
355 1307 479 1356 sunt
517 1321 636 1358 curn
675 1305 851 1357 eo-die
889 1304 1028 1357 duae
1066 1305 1301 1371 legiones
1325 1304 1427 1356 Titi
1455 1305 1614 1357 Sextii
1650 1322 1714 1358 ex
1752 1306 1930 1359 Africa
1967 1307 2125 1359 adve-

178 1392 381 1456 nirent,
424 1387 722 1461 'tamquam
774 1393 1021 1446 divinitus
1075 1394 1281 1445 missae.
1364 1393 1466 1445 Ubi
1514 1393 1746 1461 primum
1795 1390 1978 1447 Cicero
2030 1396 2125 1448 ad-

181 1480 310 1546 fuit,
347 1481 398 1533 S.
465 1481 524 1535 C.
590 1482 786 1535 factum
847 1485 952 1546 est,
1010 1485 1069 1534 ut
1126 1498 1310 1534 omnes
1361 1483 1412 1534 in
1461 1483 1618 1534 armis
1665 1486 1836 1535 essent
1877 1483 2124 1551 -legioque

179 1569 281 1634 illa,
317 1586 480 1638 quam
530 1571 705 1624 Pansa
753 1571 899 1622 urbis
950 1571 1210 1638 praesidio
1260 1571 1568 1638 reliquerat,
1625 1568 1935 1624 Ianiculum
1969 1588 2126 1624 occu·

178 1647 386 1727 paretss‘-
411 1659 552 1712 Dum
588 1659 745 1726 legati
784 1676 904 1712 cum
931 1658 1156 1712 Caesare
1192 1659 1580 1727 colloquuntur,
1618 1660 1661 1711 is
1697 1660 1763 1712 de
1799 1654 1970 1712 rerum
2009 1677 2124 1713 mu-

177 1749 378 1800 tatione
425 1737 827 1800 certior-factus
876 1747 945 1798 ad
996 1748 1224 1800 Romam
1275 1748 1521 1811 accessit,
1573 1748 1796 1810 verituS,
1846 1766 1914 1802 ne
1957 1752 2127 1802 mater

176 1827 436 1905 sororque
496 1849 593 1889 sua
647 1835 999 1902 violarentur,
1059 1852 1287 1904 eamque
1338 1837 1639 1903 regionem,
1689 1853 1828 1904 quae
1878 1840 1956 1889 est
1987 1838 2124 1889 circa

175 1914 520 1992 Quirina-lem,
558 1925 867 1993 occupavit,
928 1941 1093 1992 quare
1141 1925 1278 1977 cives
1326 1925 1479 1977 valde
1525 1926 1781 1992 perterriti
1833 1929 1955 1978 sunt
2004 1925 2126 1988 (Dio

175 2015 261 2078 46,
278 2014 363 2068 45:
415 2013 536 2064 ’ἐπεὶ
576 2013 639 2064 δὲ
675 2014 735 2064 ἐν
771 2014 850 2080 τῷ
894 2013 1208 2081 πρόαστείῳ
1244 2013 1470 2079 ἐγένετο,
1508 2007 1909 2082 ἐφοβήθησαν).
1949 2014 2123 2065 —Post-

177 2115 337 2172 quam
406 2105 583 2156 autem
642 2102 832 2154 milites
912 2098 1152 2154 Caesaris
1215 2101 1471 2170 populum
1551 2094 1698 2155 metu
1751 2096 2123 2164 liberaverunt,

175 2207 209 2244 a
250 2177 536 2244 'nobilibus
604 2193 657 2242 et
718 2189 1055 2242 multitudine
1117 2189 1320 2256 plebeia
1380 2189 1639 2242 salutatus
1687 2193 1780 2241 est.
1851 2190 1945 2242 Die
1987 2191 2123 2242 inse-

177 2280 366 2349 quenti*
411 2278 640 2332 exercitu
698 2278 874 2330 relicto
934 2294 1055 2330 cum
1110 2278 1292 2345 paucis
1339 2270 1527 2330 urbem
1590 2278 1718 2330 adiit
1770 2282 1822 2330 et
1873 2294 1905 2331 a
1954 2271 2123 2331 matre

177 2383 470 2436 sororeque
530 2367 600 2419 ad
655 2367 912 2434 templum
973 2366 1164 2418 Vestae
1230 2366 1460 2433 benigne
1517 2369 1760 2433 receptus
1826 2369 1939 2430 est,
1998 2383 2120 2419 cum

177 2455 430 2510 Cicerone
480 2449 713 2523 quoque*
746 2454 1037 2506 collocutus
1096 2457 1187 2506 est.
1275 2448 1395 2518 Quo
1460 2454 1599 2507 sacto
1652 2469 1774 2506 cum
1836 2457 1939 2506 tres
2003 2454 2123 2506 illae

177 2544 609 2612 legiones‘quae
657 2531 708 2594 in
758 2542 890 2594 urbe
935 2545 1104 2605 erant,
1153 2542 1222 2594 ad
1261 2541 1611 2595 Octavianum
1660 2536 2006 2606 transiissent,
2052 2543 2119 2595 M.

175 2623 445 2687 Cornutus
470 2634 686 2700 praetor
708 2631 945 2683 urbanus
971 2631 1130 2683 rebus
1160 2631 1449 2698 desperatis
1487 2633 1711 2683 mortem
1730 2631 1830 2683 sibi
1858 2631 2121 2683 conscivit.

174 2721 320 2775 Tum
354 2737 480 2773 vero
506 2720 647 2772 fama
669 2723 748 2772 est
784 2719 1059 2784 divulgata
1094 2719 1326 2785 legiones
1362 2722 1608 2787 quartam
1645 2721 1695 2770 et
1715 2718 1958 2771 Martiam
1997 2735 2123 2772 con-

175 2795 264 2862 tra
299 2808 652 2862 Octavianum
690 2808 923 2860 facturas
960 2824 1086 2860 esse.
1127 2808 1325 2875 Atque
1360 2808 1411 2859 id
1450 2810 1667 2859 senatus
1703 2807 2119 2875 faciliusquam

174 2897 431 2966 ‘oport-uit,
467 2897 691 2949 credens
721 2895 807 2949 M?
842 2896 1112 2963 Aquilium
1153 2895 1401 2949 Crassum
1450 2897 1500 2947 in
1534 2895 1789 2948 Picenum
1829 2896 1985 2958 misit,
2032 2895 2121 2963 qui

178 2985 430 3038 ‘dilectum
466 2974 703 3037 haberet.
753 2984 814 3037 P.
862 2975 1156 3051 Appuleius
1176 2983 1418 3036 tribunus
1435 2997 1498 3036 ea
1518 2983 1715 3051 populo
1730 2983 2011 3046 nuntiavit,
2043 2994 2123 3034 se‘-

183 3076 342 3127 natus
366 3072 617 3126 Cicerone
641 3074 856 3124 auctore
896 3074 1056 3124 noctu
1080 3073 1404 3124 convocatus
1442 3073 1533 3123 est.
1589 3070 1741 3123 Brevi
1783 3073 1964 3123 autem
2004 3073 2122 3137 post

185 3164 381 3216 famam
420 3160 561 3213 illam
592 3160 788 3212 falsam
828 3176 939 3212 esse
976 3161 1240 3227 apparuit.
1292 3159 1487 3214 Caesar
1510 3160 1743 3214 exercitu
1779 3160 1830 3210 in
1858 3158 2119 3226 Campum

302 3349 345 3404 1)
382 3347 467 3392 Dio
496 3349 565 3399 46,
595 3349 650 3392 44
663 3348 733 3399 Εἷς
776 3347 900 3391 Suet.
932 3346 1032 3392 Oct.
1061 3348 1130 3392 26.
