2358 3892
1103 273 1168 324 25

263 420 578 485 ··Postrema
600 422 691 472 est
724 433 886 472 causa
919 419 1054 485 regis
1100 421 1346 474 Deiotari.
1406 421 1540 475 Iam
1575 437 1719 474 anno
1751 422 1826 474 45
1883 425 2096 476 mortuo

159 507 460 566 Mithridate
478 507 808 575 Pergameno
831 524 912 560 res
935 506 1171 561 Galatiae
1207 513 1442 563 mutatae
1464 513 1631 573 erant,
1668 513 1720 562 et
1745 510 2024 564 Deiotarus
2049 510 2102 563 id

163 596 369 649 videtur
398 595 581 661 egisse,
622 600 681 648 ut
716 597 859 648 omni
897 596 1118 661 Galatia,
1153 599 1313 650 etiam
1352 615 1416 651 ea
1445 601 1614 665 parte,
1650 614 1814 665 quam
1846 599 2107 652 habuerat

160 683 507 748 Mithridates,
532 685 805 752 potiretur.
860 685 1109 738 Deiotaro
1128 685 1332 738 'obstitit
1352 685 1556 749 Castor,
1580 687 1670 753 qui
1693 689 1745 739 et
1771 687 1881 754 ipse
1903 690 2018 739 erat
2045 699 2111 739 ex

162 771 304 840 regio
340 771 804 839 Gallograecorum
854 790 1062 840 genere.
1145 773 1343 827 Caesar
1391 774 1517 826 nihil
1556 775 1851 839 constituit,
1902 775 2109 826 videtur

162 860 306 913 enim
331 877 447 913 rem
471 861 767 928 protulisse,
797 861 966 914 donec
992 862 1103 928 ipse
1129 862 1180 913 in
1213 862 1472 914 orientem
1500 861 1717 925 veniret,
1753 877 1875 913 cum
1900 862 2109 913 Parthis

167 949 361 1002 bellum
414 948 654 1001 illaturus
703 952 854 1001 esset.
928 949 1003 1001 Eo
1054 953 1233 1001 autem
1282 949 1555 1001 interfecto
1585 950 1868 1002 Deiotarus
1911 950 2111 1012 omnia,

166 1053 308 1105 quae
339 1035 539 1089 Caesar
587 1037 633 1088 ei
670 1037 964 1104 eripuerat,
1014 1037 1069 1088 in
1121 1053 1270 1088 suam
1321 1053 1502 1088 rursus
1540 1039 1859 1103 potestatem
1896 1037 2110 1103 redegit.

108 1151 114 1155 Α
163 1123 532 1192 Magna-vero
579 1125 804 1192 pecunia
853 1142 962 1177 rem
1011 1141 1074 1177 eo
1127 1125 1399 1192 perduxit,
1459 1127 1518 1176 ut
1553 1125 1821 1176 Antonius
1869 1141 1934 1176 ex
1980 1125 2110 1176 actis

165 1211 406 1266 Caesaris
463 1212 533 1264 illi
588 1214 770 1265 omnia
820 1212 1159 1265 confirmaret
1222 1215 1273 1263 et
1339 1213 1549 1264 decreto
1604 1214 1775 1264 totum
1832 1213 2111 1280 imperium

165 1300 414 1355 Deiotaro
465 1301 704 1354 defeiffret
778 1301 1048 1353 Antonius
1100 1302 1267 1367 legem
1325 1301 1510 1353 Iuliam
1562 1301 1627 1353 de
1689 1317 1810 1367 rege
1867 1301 2111 1353 Deiotaro

167 1389 551 1458 promulgavit,
605 1406 669 1442 ex
703 1405 811 1457 qua
849 1389 1126 1442 Deiotarus
1161 1390 1234 1442 ita
1269 1393 1347 1442 est
1387 1390 1683 1454 restitutus,
1722 1394 1780 1443 ut
1817 1406 1849 1442 a
1887 1389 2113 1442 Caesare

165 1478 254 1532 vix
299 1493 512 1547 sperare
552 1476 807 1546 potuit1).
878 1477 1127 1530 Videmus
1175 1478 1334 1543 igitur
1379 1494 1444 1530 ea
1493 1479 1563 1530 ab
1596 1478 1832 1531 Antonio
1882 1478 2116 1545 perfecta

166 1583 295 1632 esse,
324 1567 392 1620 de
417 1567 612 1635 quibus
630 1567 742 1619 sine
766 1566 928 1619 dubio
949 1565 1147 1619 Caesar
1172 1567 1582 1619 commentarios
1609 1567 1909 1635 reliquerat,
1940 1583 2115 1635 neque

166 1655 462 1710 Antonium
493 1656 548 1708 in
578 1655 824 1708 omnibus
859 1655 1017 1708 rebus
1054 1671 1209 1707 suam
1246 1658 1486 1708 secutum
1525 1672 1637 1707 esse
1677 1655 1940 1707 libidinem
1977 1655 2117 1708 arbi-

167 1745 451 1813 triumque.
534 1744 897 1798 Confirmatur
947 1744 1103 1811 igitur
1152 1744 1580 1812 quodammodO,
1643 1744 1785 1811 quod
1839 1745 2116 1812 Appianus

169 1834 295 1889 dicit
329 1833 385 1901 (l.
412 1850 457 1886 c.
486 1834 608 1899 382)
645 1834 771 1886 nihil
806 1838 901 1886 aut
939 1849 1106 1900 parva
1145 1833 1440 1885 Antonium
1478 1833 1666 1900 ipsum,
1705 1833 1798 1884 sed
1837 1833 2014 1885 omnia
2050 1850 2115 1885 ex

168 1923 409 1978 Caesaris
455 1923 846 1975 commentariis
896 1923 1064 1974 fuisse.
1145 1919 1435 1988 (Ἀντώνιος
1484 1921 1585 1988 γάρ
1637 1921 1802 1973 οὐδὲν
1851 1920 2029 1987 αὐτὸς,
2086 1919 2119 1990 ἦ

169 2010 322 2063 πάνυ
342 2011 559 2078 σμικρά,
587 2009 777 2062 πάντα
801 2011 863 2062 δὲ
889 2011 948 2062 ἐκ
965 2012 1074 2062 τῶν
1094 2014 1366 2078 Καίσαρος
1397 2010 1806 2078 ὑπομνημάτων
1833 2010 2111 2078 διῳκήκει).

165 2100 308 2154 Nam
345 2101 438 2153 etsi
490 2100 891 2153 concedendum
937 2103 1014 2152 est
1050 2100 1357 2168 Appianum
1409 2116 1520 2152 rem
1575 2100 1627 2151 in
1676 2100 1844 2152 maius
1897 2100 2116 2163 auxisse,

169 2192 352 2243 tamen
387 2189 666 2257 exempliS,
717 2206 855 2257 quae
889 2206 1052 2256 supra
1090 2189 1596 2255 demonstravimu5‚
1631 2189 1924 2241 Antonium
1964 2205 2046 2240 res
2083 2205 2116 2240 a

169 2277 398 2332 Caesare
415 2279 680 2331 institutas
698 2279 974 2346 perfecisse
999 2279 1359 2332 confirmatur.
1401 2278 1509 2332 Nec
1528 2279 1701 2330 minus
1720 2279 1852 2331 haec
1878 2277 2118 2344 exempla

171 2368 367 2421 docent
401 2383 492 2432 ea,
539 2383 681 2435 quae
716 2366 900 2420 Cicero
938 2367 1004 2419 de
1037 2367 1272 2420 Antonio
1309 2367 1609 2435 protulerit,
1649 2370 1802 2420 caute
1839 2384 1950 2419 esse
1989 2367 2119 2419 acci-

171 2456 383 2525 pienda,
420 2473 539 2509 cum
573 2457 656 2508 ille
693 2457 982 2508 incredibili
1023 2456 1263 2524 quodam
1302 2457 1356 2508 in
1386 2456 1681 2509 Antonium
1718 2456 1839 2508 odio
1876 2456 2120 2523 impletus

174 2562 295 2599 eum
334 2546 513 2599 omnia
549 2562 648 2598 suo
686 2546 845 2613 ipsius
885 2546 1145 2598 arbitratu
1187 2546 1366 2598 fecisse
1402 2549 1665 2611 argueret.

984 2818 1172 2884 Cap.
1223 2821 1315 2870 ΙΙ.

675 2938 789 3009 De
850 2938 1079 3008 bello
1145 2936 1627 3008 Mutinensi.

293 3095 591 3172 ”Quoniam
638 3107 706 3160 de
755 3108 888 3160 actis
930 3106 1169 3160 Caesaris
1220 3106 1351 3168 dixi,
1400 3119 1544 3156 nunc
1595 3102 1663 3155 ad
1710 3101 1882 3168 ipsum
1929 3098 2125 3150 bellum

181 3196 480 3249 Mutinense
499 3197 710 3250 accedo.
771 3196 926 3261 Quod
954 3199 1011 3248 ut
1043 3195 1228 3247 melius
1254 3193 1602 3260 intellegatur,
1638 3206 1702 3242 ea
1727 3204 1952 3257 quoque,
1989 3202 2126 3253 quae

182 3285 528 3354 praecedunt,
554 3285 781 3337 breviter
804 3301 1128 3352 percurram.
1164 3282 1232 3334 Μ.
1246 3283 1441 3334 Brutus
1471 3282 1523 3331 in
1539 3277 1796 3346 Capitolio
1824 3292 1870 3327 a.
1887 3272 2127 3326 d.XVlII.

185 3374 301 3427 Kal.
330 3374 538 3442 Apriles
589 3372 883 3426 orationem
931 3372 1148 3435 hahuit,
1205 3386 1312 3438 qua
1360 3367 1623 3421 veteranis
1665 3364 1925 3432 pollicitus
1963 3363 2039 3413 est
2074 3376 2129 3411 se

313 3535 359 3591 1)
397 3533 488 3582 cio.
525 3533 645 3579 Phil.
675 3535 717 3589 2,
748 3535 818 3579 94.
877 3533 944 3578 cf.
974 3531 1181 3584 Niesius,
1213 3528 1376 3573 Rhein.
1409 3527 1522 3571 Mus.
1553 3522 1807 3575 XXXVIII,
1837 3536 1880 3578 p.
1909 3519 1993 3564 595
2007 3517 2053 3563 ff.
