2358 3892
1120 242 1181 294 13

241 419 243 422 ’
321 391 582 457 Quoniam
621 391 685 443 de
718 390 964 444 fontibus
989 390 1110 453 dixi,
1150 390 1291 442 unde
1327 393 1491 457 repeti
1525 397 1694 459 potest
1729 399 1913 451 notitia
1941 404 2117 454 nostra

184 492 368 532 earum
405 480 624 539 rei-um,
678 490 812 542 quas
847 473 1108 525 illustrare
1146 473 1273 524 mihi
1307 473 1358 524 in
1394 476 1573 527 animo
1609 482 1716 541 est,
1762 495 1902 534 nunc
1938 483 2006 535 ad
2041 500 2119 535 res

182 560 324 628 ipsas
359 559 583 612 accedo.

988 776 1202 843 Gap.
1259 779 1315 830 Ι.

713 895 827 964 De
891 896 1109 966 actis
1171 897 1615 970 Caesaris..

319 1048 452 1108 Post
516 1048 798 1102 Caesarem
867 1050 1097 1103 occisum
1170 1054 1440 1104 senatores
1510 1055 1709 1104 terrore
1778 1052 1995 1118 perculsi
2066 1070 2127 1106 ex

195 1127 339 1194 curia
374 1137 755 1206 profugerunt,
805 1139 857 1191 in
897 1140 1135 1191 omnium
1177 1156 1351 1192 rerum
1391 1140 1786 1208 perturbatione
1822 1140 1906 1192 alii
1945 1158 2126 1194 eorum

188 1225 472 1291 vulnerati,
523 1227 606 1280 alii
652 1227 898 1281 trucidati
939 1231 1077 1280 sunt.
1153 1229 1222 1281 Ut
1260 1233 1436 1282 autem
1475 1246 1540 1281 ex
1574 1230 1709 1297 App.
1749 1230 1796 1291 2,
1839 1230 1900 1281 18
1930 1244 2125 1296 cogno-

187 1313 385 1380 scitur,
441 1315 657 1384 quidam
725 1317 881 1369 etiam
948 1333 1012 1370 ex
1066 1317 1265 1370 civibus
1321 1322 1370 1370 et
1424 1318 1711 1385 peregrinis
1765 1335 1891 1371 sane
1948 1337 2125 1372 errore

189 1404 424 1472 quodam
479 1405 549 1458 ad
592 1421 778 1458 necem
829 1406 1067 1473 perducti
1112 1410 1252 1458 sunt.
1324 1406 1474 1470 Quae
1513 1423 1634 1459 cum
1673 1407 1743 1459 ita
1779 1411 1979 1471 essent,
2015 1412 2125 1461 tota

189 1491 324 1548 urbe
374 1509 572 1560 magna
624 1495 904 1562 trepidatio
952 1498 1029 1547 est
1077 1495 1245 1558 facta,
1306 1512 1639 1563 quamquam
1686 1497 1939 1549 coniurati
1994 1514 2126 1566 qua-

192 1576 422 1660 cumque
453 1575 659 1636 ratione
695 1584 1015 1637 multitudini
1055 1585 1447 1652 persuadebant
1486 1585 1610 1637 nihil
1649 1586 1861 1652 periculi
1897 1588 2126 1653 subesse,

189 1671 351 1740 paulo
402 1675 519 1738 post
572 1674 754 1726 omnia
802 1673 912 1726 fore
961 1677 1151 1742 pacata
1202 1674 1325 1741 (Dio
1362 1674 1445 1738 44,
1480 1674 1583 1739 34).
1654 1675 1954 1739 PostremO,
2006 1693 2124 1729 cuni

186 1746 530 1828 gladiatoreS,
577 1763 666 1830 qui
717 1779 749 1815 a
796 1764 969 1831 prima
1021 1764 1134 1816 luce
1186 1764 1236 1815 in
1277 1764 1438 1816 armis
1475 1764 1715 1825 fuerant,
1764 1767 1822 1816 ut
1857 1782 1918 1817 eo
1955 1765 2036 1817 die
2075 1767 2123 1817 in

185 1843 430 1903 scaenam
463 1851 758 1918 prodirent,
789 1869 854 1904 ex
879 1851 1087 1905 theatro
1111 1853 1350 1920 Pompeii
1379 1855 1740 1916 excurrissent,
1768 1857 2123 1920 spectatorum

185 1932 469 1992 multitudo
506 1940 750 1992 discessit.
808 1941 873 1992 M.
902 1945 1081 1994 autem
1109 1942 1372 2014 Antonius
1407 1945 1550 1994 veste
1582 1942 1838 1994 consulari
1872 1943 2123 2010 deposita,

191 2029 400 2094 verituS,
438 2045 506 2081 ne
542 2030 653 2097 ipse
691 2045 907 2098 quoque
944 2031 1012 2082 ad
1052 2047 1235 2084 necem
1272 2034 1634 2099 quaereretur,
1670 2032 1839 2083 servili
1870 2036 2014 2084 veste
2049 2033 2125 2085 in-

186 2118 347 2171 dutus
386 2103 531 2170 domi
567 2134 694 2171 suae
731 2136 784 2170 se
823 2120 1132 2183 occultavit,
1171 2121 1257 2172 ubi
1297 2124 1411 2172 tota
1450 2124 1603 2172 nocte
1640 2124 1995 2173 commoratus
2033 2126 2121 2173 est.

189 2206 346 2271 Quod
382 2208 671 2274 aegerrime
705 2207 772 2260 M.
804 2208 997 2260 Brutus
1033 2209 1172 2272 tulit,
1223 2226 1343 2261 cum
1379 2213 1611 2275 speraret
1647 2226 1702 2260 se
1740 2226 1846 2261 una
1883 2227 2000 2262 cum
2041 2210 2124 2261 illo

191 2307 272 2343 res
308 2291 718 2343 constituturum
758 2308 869 2343 esse
892 2294 946 2356 ¹).

279 2377 451 2444 Quod
489 2384 666 2432 autem
707 2382 982 2448 Appianus
1024 2383 1182 2434 refert
1219 2382 1286 2433 Μ.
1320 2358 1622 2434 Aemilium!
1639 2381 1918 2448 Lepidum,
1961 2381 2123 2446 magi-

185 2470 354 2522 strum
417 2469 684 2536 equitum,
757 2471 806 2521 in
875 2470 1100 2523 insulam
1164 2471 1467 2522 Tiberinam
1530 2471 1840 2522 concessisse
1905 2469 2127 2536 indeque

185 2557 474 2624 legionem,
524 2575 661 2626 quae
708 2575 826 2611 eum
879 2576 974 2626 pro
1023 2561 1238 2612 consule
1291 2561 1340 2612 in
1380 2559 1691 2626 Hispaniam
1741 2559 2028 2610 citeriorem
2076 2562 2126 2608 et

185 2645 409 2700 Galliam
464 2647 864 2700 Narbonensem
919 2649 1330 2716 proficiscentem
1382 2651 1625 2700 secutura
1676 2650 1834 2710 esset,
1885 2648 1935 2698 in
1985 2663 2126 2698 cam-

188 2753 317 2804 pum
351 2735 600 2789 Martium
655 2738 958 2802 deduxisse,
1009 2739 1099 2791 ubi
1142 2739 1327 2790 melius
1362 2738 1428 2790 Μ.
1462 2738 1696 2789 Antonio
1732 2740 1940 2803 praesto
1979 2740 2127 2798 esset,

192 2825 407 2878 minime
445 2830 520 2878 est
552 2827 892 2879 credendum.
948 2827 1118 2879 Immo
1149 2844 1275 2879 vero
1303 2828 1479 2889 etiam,
1516 2827 1739 2877 Antonio
1769 2826 1991 2892 repUISO‚
2020 2826 2125 2892 ipse

183 2930 365 2967 rerum
398 2914 554 2982 potiri
581 2915 746 2968 voluit
761 2915 818 2980 2).
883 2916 986 2968 Sed
1029 2918 1130 2967 iam
1171 2933 1218 2969 a.
1250 2917 1298 2968 d.
1328 2916 1459 2968 XVI.
1490 2915 1601 2966 Kal.
1635 2914 1837 2980 Apriles
1867 2914 2127 2965 Antonius

192 3002 449 3071 Lepidum
489 3003 584 3056 sibi
622 3005 1005 3057 conciliaverat.
1075 3004 1250 3057 Homo
1288 3006 1428 3056 enim
1470 3003 1551 3055 ille
1587 3006 1699 3054 erat
1736 3002 2124 3054 ventosissimus

188 3095 240 3143 et
292 3093 382 3160 qui
433 3109 641 3161 semper
690 3093 759 3145 ad
799 3098 974 3146 motus
1012 3094 1257 3145 fortunae
1293 3111 1346 3144 se
1383 3092 1613 3158 regebat.
1692 3090 1913 3142 Caesare
1947 3093 2123 3140 autem

190 3181 447 3234 dictatore
476 3183 661 3247 occiSO,
698 3183 947 3248 evestigio
983 3183 1232 3248 magister
1269 3183 1503 3249 equitum
1541 3196 1649 3231 esse
1672 3179 1898 3244 Lepidus
1926 3179 2125 3229 videtur

188 3263 400 3316 desiisse
420 3265 480 3328 ⁸).

310 3391 352 3439 l)
384 3389 507 3434 Plut.
540 3390 647 3435 Ant.
683 3391 748 3434 18.

303 3453 350 3506 2)
382 3451 467 3495 Dio
502 3454 572 3504 44,
603 3453 670 3503 22.
705 3453 773 3497 34,

305 3514 354 3568 3)
386 3514 646 3566 Mommsen,
682 3513 944 3558 Romisches
978 3515 1265 3559 Staatsrecht
1294 3512 1350 3564 ΙΙ,
1389 3517 1424 3564 1,
1459 3513 1539 3555 158
1555 3513 1581 3555 f.
