2358 3892
1183 175 1252 230 38

247 319 617 388 imperatorem
663 337 774 374 esse
812 320 1144 388 *appellatum
1197 338 1230 375 a
1278 323 1531 376 militibus
1567 325 1725 393 idque
1761 326 1892 389 ide0‚
1929 325 2054 392 quia
2091 325 2184 378 ab·

248 408 484 461 sentibus
531 408 831 462 consulibus
880 411 1055 461 castra
1106 409 1386 463 fortissime
1433 411 1750 466 defendisset
1798 429 1971 481 neque
2021 413 2186 466 invito

248 496 441 562 Marte.
476 501 535 549 ut
571 497 643 550 ita
681 497 883 558 dicam;
927 513 1092 563 quare
1135 514 1181 550 a.
1218 498 1268 550 d.
1306 497 1482 552 XVIII.
1511 500 1626 553 Kal.
1667 500 1832 554 Maias
1869 500 2096 554 Hirtium
2135 504 2207 554 et,

249 583 604 644 Octavianum
641 600 749 636 una
788 587 971 637 contra
1005 583 1074 637 M.
1106 588 1157 637 et
1186 586 1244 638 L.
1270 586 1531 640 Antonios
1569 588 1844 641 dimicasse
1896 589 2068 642 statui·
2095 605 2186 656 po-

251 676 369 731 test.
454 673 619 726 Nocte
670 675 849 725 autem
902 688 1041 739 quae
1077 673 1236 727 hunc
1288 675 1425 728 diem
1482 676 1852 744 inseqUeblur‚
1906 676 2188 742 Antonius,

250 761 408 814 fratre
427 761 624 826 relicto,
652 761 918 828 profectus
943 765 1038 824 est,
1060 765 1123 813 ut
1148 777 1270 815 cum
1286 762 1804 830 Pansazconfligeret,
1829 767 2121 832 antequam
2140 765 2188 817 is
2208 773 2213 781 ²

249 848 497 902 cumillis
523 865 674 902 arma
700 847 1068 902 coniunxisset.
1125 849 1323 904 Hirtius
1349 854 1534 918 autem
1556 868 1602 905 a.
1623 853 1672 904 d.
1696 851 1869 905 XVIII.
1893 851 2006 905 Kal.-
2025 850 2189 905 Maias

248 937 448 1006 vesperi
478 940 650 989 castra
673 935 967 1006 Octaviano
990 937 1324 992 defendenda
1349 939 1508 1006 dedit,
1545 943 1601 992 et
1626 941 1668 992 is
1695 957 1948 1007 magnam
1974 939 2208 1002 laudem

247 1029 339 1083 est.-
373 1027 713 1088 consecutus,
770 1025 933 1092 quod,
997 1027 1329 1094 quamquam
1386 1027 1556 1080 Hirtio
1614 1028 1834 1080 absente
1889 1028 2043 1081 valde
2093 1027 2164 1080 im

247 1113 462 1167 minutis
499 1113 657 1180 copiis
684 1113 958 1179 utebatur,
995 1116 1177 1167 tamen
1216 1115 1392 1168 hostes
1429 1131 1462 1168 a
1489 1116 1676 1169 castris
1709 1116 1918 1184 repulit.
1975 1115 2214 1184 Fugisse'

247 1203 402 1269 igitur
450 1201 773 1255 Octavianus
825 1218 997 1270 neque
1049 1219 1097 1256 a.
1143 1203 1195 1255 d.
1237 1203 1413 1268 XVIII.
1439 1206 1633 1273 'neque
1679 1204 1834 1257 XVII.
1876 1204 2004 1257 Kal.
2023 1203 2199 1258 Maias

245 1290 516 1358 put-andus
563 1292 654 1342 est..
725 1288 1074 1343 Nihilominus
1110 1291 1340 1345 retinere·
1372 1307 1656 1360 possumus
1696 1309 1794 1358 ea,
1845 1308 1984 1361 quae
2018 1292 2192 1346 Anto-

244 1378 361 1435 nius
411 1378 561 1445 apud
606 1377 915 1431 Suetonium
962 1379 1028 1432 de
1059 1379 1378 1444 ‚Octaviano
1419 1381 1639 1449 scripsit.
1713 1380 1804 1434 Est
1850 1381 1992 1433 enim
2041 1380 2189 1448 apud

245 1465 465 1517 Dionem
519 1465 622 1532 (46,
659 1466 746 1532 37)
796 1470 1043 1520 accurata
1080 1468 1369 1536 descriptio
1398 1469 1579 1537 proelii
1618 1469 1893 1523 cuiusdam
1930 1469 2000 1523 ad
2035 1468 2212 1522 Seni--

248 1556 437 1606 [ennae
466 1554 605 1622 ripas
629 1554 777 1607 facti:
820 1555 901 1607 »Ὁ
936 1547 1038 1608 οὖν
1069 1556 1336 1618 Ἀντώνιος
1364 1557 1502 1609 ἰδών
1537 1554 1621 1610 ὅτι
1643 1563 1869 1625 Δέκιμος
1901 1555 1998 1609 οὐκ
2029 1556 2191 1609 ἐνδω-

245 1645 394 1707 σειει,
431 1643 615 1708 ἐκείνῳ
641 1645 744 1709 μὲν
772 1642 1009 1697 Λούκιον
1036 1645 1136 1697 τόν
1163 1645 1414 1714 αδελφόν
1439 1645 1898 1715 παρακατέλιπεν,
1931 1645 2097 1707 αὐτὸς
2127 1645 2191 1697 δὲ

243 1730 337 1781 ἐπὶ
376 1730 472 1781 τὸν
510 1733 763 1798 Καισαρα
799 1731 891 1782 καὶ
930 1732 1025 1784 ἐπὶ
1067 1734 1164 1785 τὸν
1177 1731 1373 1817 Ἵρτιον
1403 1734 1663 1802 ἐχώρησε.
1699 1734 1790 1785 καὶ
1826 1734 2009 1787 αὐτῶν
2045 1733 2192 1786 α’ντι-

245 1818 848 1886 στραποπεδευομένων
895 1821 990 1872 ἐπὶ
1036 1804 1257 1882 πολλας
1279 1822 1478 1891 νμέρας
1522 1822 1862 1889 ἱππομαχιαι
1891 1825 2030 1884 mag
2061 1825 2192 1890 βρα-

241 1909 382 1972 χεῖαι
418 1906 508 1958 καὶ
545 1903 828 1969 ἷσοπαλεῖς
863 1909 1124 1975 ἐγένοντο,
1162 1919 1344 1978 μέχρις
1379 1930 1442 1963 ου
1483 1910 1535 1963 οἱ
1572 1912 1811 1965 Κελτικοὶ
1849 1910 2065 1976 ἱππεῖς,
2103 1929 2193 1972 ους

242 1995 384 2060 μετα
432 1997 543 2047 τῶν
591 1995 906 2064 ἐλεφάντων
956 1998 986 2048 ὁ
1000 2002 1236 2067 Καῖσαρ
1285 2004 1756 2068 προσεπεποίητο,
1808 1997 1946 2068 πρός
1992 2017 2052 2050 τε
2093 1999 2192 2051 τὸν

239 2083 319 2134 Α1
322 2102 431 2134 τω1
433 2102 515 2135 ιον
542 2075 708 2144 αυθις
732 2084 1034 2138 ἀπέκλιναν
1056 2107 1159 2138 κακ
1182 2090 1281 2139 τοῦ
1305 2088 1684 2156 στρατοπέδου
1705 2107 1848 2155 μετα
1875 2090 1986 2140 τῶν
2012 2085 2191 2140 ἄλλων

242 2171 565 2233 ἐξελθόντες
603 2171 1036 2244 προεξώρμῃσαν
1089 2179 1192 2242 μὲν
1244 2196 1311 2237 ως
1345 2177 1435 2228 καὶ
1471 2178 1600 2229 καθ’
1635 2175 1891 2237 ἑαυτούς
1895 2179 2009 2237 τοῖς
2045 2174 2213 2248 α’ντιή.

241 2260 624 2327 προσελάσασι
662 2265 1059 2330 προςμίξοι·τες,’
1107 2264 1477 2339 ὑπέστρεψαν
1513 2265 1576 2316 δὲ
1605 2263 1680 2317 ’δι’
1712 2264 1891 2333 ὀλίγον
1920 2264 2010 2316 καὶ
2037 2265 2194 2332 παροὲ

242 2347 414 2409 δόξαν
447 2350 521 2418 μή
561 2351 1004 2418 προςδεχομένοις
1040 2356 1151 2421 τοῖς
1191 2354 1550 2422 ἐφεπομένοις
1578 2358 1740 2422 σφίσι
1776 2352 2192 2421 προςπεσόντες,

243 2451 378 2502 συχϊ
382 2432 471 2497 Οὓς
507 2437 1194 2494 αυῑῶ1ἀ7ϊέ’κΐὲι’ὶα1’.και
1223 2443 1365 2509 μετα
1391 2444 1569 2494 ταῦτα
1596 2462 1737 2515 71901'
1740 2461 1939 2509 Ossht‘ivO'J'
1941 2447 2027 2503 ῖές
2054 2432 2210 2502 τινες.

242 2525 340 2575 ἄπ’
377 2525 702 2593 ἀμφοτέρων
749 2527 821 2587 εἰς
866 2531 1049 2595 χεῖρας
1095 2522 1273 2598 ἦλθον
1320 2530 1422 2582 κα’κ
1458 2531 1667 2582 τούτου
1690 2530 1798 2582 τῶν
1837 2529 2044 2583 λοιπῶν
2080 2530 2193 2581 ἐπι-

241 2612 647 2681 βοηθησάντων
691 2613 956 2682 ἑκατέροις
993 2617 1143 2686 μάχη
1179 2625 1243 2669 τέ
1281 2634 1438 2686 σφων
1475 2619 1631 2682 ὀξεῖα
1665 2620 1875 2686 ἐγένετο
1910 2617 2000 2670 καὶ
2037 2615 2193 2684 ἐκρά-

242 2715 408 2768 τησεν
444 2700 475 2751 o‘
499 2700 783 2762 Ἀντωνιος.
792 2721 817 2750 α
1884 2733 1886 2735 >
2205 2753 2209 2764 2

378 2769 693 2822 Drumanno
731 2772 962 2823 concedo
999 2774 1245 2826 nuntium
1285 2773 1351 2824 de
1388 2774 1618 2826 Antonii
1643 2773 1883 2850 victoria,
1933 2774 2021 2842 qui
2059 2789 2108 2826 a.
2118 2766 2190 2825 d.

244 2858 376 2910 XIII.
415 2857 495 2909 vel
532 2858 641 2910 XII.
682 2858 796 2910 Kal.
838 2858 1004 2911 Maias
1040 2861 1271 2914 Romam
1320 2863 1384 2914 sit
1421 2846 1641 2926 allatus,
1678 2842 1950 2938 pertinere
1986 2861 2055 2915 ad
2089 2861 2194 2915 hoc

240 2947 497 3014 proelium
536 2947 603 2998 ad
640 2947 983 3000 Scultennam
1022 2950 1237 3014 factum,
1275 2951 1355 3002 cui
1380 2948 1733 3003 Octavianum
1772 2943 2068 3003 interfuisse
2093 2933 2216 3003 Dm.

241 3036 413 3088 refert.
505 3036 746 3099 Quacum
810 3052 867 3087 re
921 3037 1222 3103 temporum
1277 3037 1514 3090 definitio
1568 3035 1841 3106 praeclare
1904 3031 2221 3092 consentin*

242 3114 460 3175 nuntius
497 3124 640 3175 enim
678 3124 731 3175 in
784 3124 966 3176 itinere
1002 3125 1206 3178 Mutina
1259 3126 1490 3179 Romam
1539 3124 1777 3179 faciendo
1825 3123 2074 3195 quinque
2108 3126 2190 3179 vel

241 3230 331 3264 sex
370 3212 480 3264 dies
519 3213 783 3264 insumere
819 3212 1022 3266 solebat
1043 3214 1096 3278 ¹).
1145 3213 1363 3277 *Quodsi
1410 3213 1593 3271 Cicero
1637 3216 1688 3271 in
1722 3216 1960 3273 oratione
1990 3213 2191 3286 Philip-

357 3334 399 3392 ι),
426 3333 603 3378 om’aa
634 3334 741 3378 fam.
766 3334 839 3388 12,
871 3334 960 3387 6,1.
