2358 3892
1138 275 1202 326 27

188 419 959 507 nffimrvdeetetaapotfoeetun
994 423 1110 474 tota
1139 423 1510 489 ‘legiofMartia
1537 426 1613 476 -et-
1636 429 1835 491 quarta
1867 427 1939 478 ad
1957 426 2132 480 ’Octa-

194 508 792 570 πιηπωήτῆηεὶθιτυηῐ.
846 508 975 573 'Qua
1007 510 1076 562 de
1114 527 1171 562 re
1211 512 1400 564 certior
1436 511 1606 564 factus
1639 513 1904 566 Antonius
1940 516 2133 567 Arimi-

190 601 431 655 mmiest
456 597 746 665 profectus,
777 601 1067 665 postquam
1095 598 1280 663 effecit,
1310 602 1370 652 ut
1399 599 1533 652 Gaio
1557 599 1703 652 fratri
1728 601 1944 653 daretur
1969 602 2140 656 Mace-

102 691 107 694 '
190 687 424 753 mast).
479 685 754 754 *Speravit
802 687 943 742 enim
993 700 1050 741 se
1100 703 1228 739 remv
1267 703 1331 740 eo
1381 688 1734 746 deducturum
1778 705 1914 753 esse,
1970 693 2027 741 ut
2080 707 2145 744 ex

191 774 364 830 Gallia
397 774 698 843 provincia,
733 775 880 827 sicut
917 775 1040 831 olim
1077 774 1304 839 Caesar,
1364 775 1609 828 facillime
1646 792 1820 829 rerum
1868 778 2139 844 potiretur.

189 863 266 916 In,
295 863 549 918 Galliam·
575 878 699 916 cum
753 866 1035 916 veteranos
1085 866 1200 917 tum
1253 866 1359 916 tres
1410 863 1640 930 legiones
1693 864 1866 929 duxit,
1912 881 2139 932 quarum

192 953 328 1025 duas
349 953 471 1019 ipse
490 966 672 1005 secum
697 951 944 1016 habebat,
979 951 1190 1003 tertiam
1218 951 1413 1004 Lucius
1447 953 1608 1004 frater
1634 956 1821 1018 postea
1847 954 2066 1006 adduxit
2084 956 2141 1020 2).

196 1040 473 1111 Decimum
500 1039 725 1093 Brutum
765 1039 1033 1105 provincia
1070 1039 1322 1094 decedere
1350 1040 1496 1097 nolle
1538 1042 1591 1092 in
1630 1043 1822 1093 senatu
1865 1057 1914 1093 a.
1941 1043 1992 1093 d.
2011 1042 2142 1095 XIII.

198 1127 315 1183 Kal.
331 1127 606 1182 lanuarias
636 1130 715 1180 est
744 1127 970 1182 relatum
987 1128 1049 1193 ³).
1101 1128 1338 1183 Antonio
1364 1132 1546 1182 autem
1572 1129 1831 1182 Mutinam
1855 1129 2144 1193 obsidente,

195 1217 404 1271 Hirtius
442 1219 499 1268 et
532 1215 766 1280 Pansa,
786 1216 919 1270 novi
957 1217 1223 1281 consuleS,
1274 1233 1398 1269 cum
1446 1233 1511 1270 ex
1546 1233 1695 1269 more
1732 1221 1975 1270 senatum
2016 1235 2144 1270 con-

197 1309 493 1370 vocassent,
525 1305 594 1357 de
621 1321 679 1357 re
707 1304 922 1371 publica
942 1305 1257 1370 retulerunt,
1294 1306 1362 1358 de
1387 1305 1591 1359 Mutina
1618 1306 1848 1370 obsessa,
1884 1306 1951 1358 de
1979 1307 2143 1359 hono-

195 1393 745 1466 ribus-praemiisque
787 1393 1165 1457 decernendis,
1217 1394 1283 1446 de
1331 1394 1525 1460 quibus
1572 1410 1620 1447 a.
1652 1395 1700 1445 d.
1725 1395 1856 1447 XIII.
1889 1395 2001 1446 Kal.
2032 1395 2139 1446 Ian.

194 1481 331 1555 S-C.
364 1485 483 1539 ‚erat
514 1483 716 1538 factum
729 1481 789 1548 4).
872 1481 977 1545 Qui
1014 1483 1216 1550 primus
1253 1483 1572 1535 sententiam
1609 1486 1823 1549 rogatus
1857 1486 1960 1547 est,
2007 1483 2141 1547 tulit,

193 1575 254 1629 ut
280 1571 459 1638 ⁴legat-i
486 1572 851 1636 mitterentur,
901 1571 990 1638 qui
1027 1570 1325 1634 efficerent,
1379 1575 1435 1623 ut
1481 1572 1747 1625 Antonius
1783 1572 2007 1623 Brutum
2046 1588 2141 1639 op-

193 1676 436 1729 pugnare
489 1660 766 1714 desineret.
862 1658 1044 1713 Cicero
1109 1662 1289 1711 autem
1351 1675 1543 1726 parum
1602 1660 1885 1711 convenire
1939 1660 2145 1711 censuit

190 1751 411 1806 senatus
442 1747 714 1814 dignitati,
765 1748 910 1814 quod
944 1747 1021 1799 -ad
1059 1764 1183 1800 eum
1220 1748 1556 1800 mitterentur
1594 1748 1780 1814 legati,
1830 1748 1919 1815 qui
1959 1749 2139 1815 paucis

192 1841 318 1893 ante
357 1837 544 1891 diebus
582 1837 957 1899 commisisset,
1010 1839 1066 1888 ut
1099 1836 1413 1902 gravissima
1449 1837 1515 1888 de
1548 1853 1606 1888 se
1640 1837 1692 1888 in
1730 1841 1917 1889 senatu
1952 1837 2142 1890 iudicia

193 1927 394 1979 flerent.
458 1925 809 1978 Nihilominus
842 1925 1098 1992 placitum
1133 1929 1236 1989 est,
1278 1928 1334 1977 ut
1371 1927 1728 1989 mitterentur,
1769 1926 1859 1992 qui
1894 1925 1964 1983 illi
1999 1941 2137 1977 nun·

191 2016 420 2079 tiarent,
458 2030 525 2066 ne
562 2014 834 2066 consulem
871 2015 1203 2081 designatum
1247 2018 1610 2082 oppugnaret,
1645 2014 1902 2066 Mutinam
1944 2030 2008 2065 ne
2046 2013 2137 2064 ob-

188 2104 396 2169 sideret,
435 2120 504 2155 ne
540 2104 869 2170 provinciam
900 2103 1333 2170 depopularetur,
1372 2120 1439 2156 ne
1468 2103 1702 2155 delectus
1734 2102 1970 2166 haberet,
2009 2103 2143 2153 esset

192 2193 248 2244 in
298 2195 517 2245 senatus
567 2191 856 2260 populique
902 2192 1135 2244 Romani
1182 2195 1462 2259 potestate.
1546 2191 1623 2244 Ex
1668 2193 1807 2258 App.
1848 2191 1897 2253 3,
1936 2190 2018 2241 51.
2055 2190 2138 2252 88,

191 2281 361 2334 Dione
396 2281 481 2346 46,
506 2281 575 2332 29
617 2285 840 2348 apparet
886 2282 1162 2334 decretum
1213 2298 1352 2345 esse,
1406 2284 1467 2333 ut
1510 2280 1706 2333 Caesar
1744 2279 2051 2332 adulescens
2089 2278 2142 2328 in

191 2373 439 2423 senatum
474 2369 1052 2438 legeretur‘liceretque
1083 2371 1135 2423 ei
1173 2371 1354 2423 decem
1394 2371 1548 2439 annis
1586 2373 1710 2423 ante
1743 2372 1952 2433 tempus
1986 2365 2147 2431 legiti-

85 2506 99 2518 ‚
195 2473 347 2511 mum
376 2459 718 2512 >consulatum
756 2463 954 2526 petere.
1028 2459 1279 2513 Octavius
1319 2460 1478 2523 enim,
1511 2474 1775 2526 pronepos
1811 2456 2048 2509 Caesaris
2084 2469 2148 2505 ex

197 2563 396 2613 sorore,
421 2547 480 2599 in
507 2564 714 2600 annum
741 2550 991 2616 magister
1018 2550 1365 2617 proavunculi
1394 2549 1578 2601 fuera-t.
1650 2547 1787 2599 Tum
1809 2544 2146 2611 Apolloniam

199 2637 389 2689 missus
419 2640 516 2701 est,
549 2640 625 2689 *ut'
646 2638 719 2690 ibi
754 2639 939 2691 litteris
969 2655 1190 2706 operam
1224 2639 1389 2691 daret.
1459 2638 1678 2690 Sextum
1703 2639 1885 2688 autem
1910 2647 2148 2684 mensem

198 2741 321 2778 cum
358 2725 427 2777 ibi
463 2730 660 2793 ageret,
691 2726 979 2781 Gaesarem
1011 2731 1257 2781 necatum
1296 2745 1410 2780 esse
1441 2728 1630 2790 certior
1667 2726 1836 2777 factus
1873 2723 1924 2773 in
1945 2720 2149 2773 {taliam

200 2815 390 2868 rediit..
421 2817 578 2871 .Cum
613 2817 807 2887 Lupias
859 2817 1053 2872 navem
1090 2822 1378 2886 appulisset
1430 2821 1603 2885 ibique
1650 2820 1809 2871 etiam
1858 2809 2150 2863 assCUI'affiUS

202 2910 268 2961 de
345 2912 666 2962 testamento
730 2908 971 2962 Caesaris
1059 2911 1371 2972 audivisset,
1466 2911 1610 2962 omni
1681 2908 1909 2975 periculo
1977 2908 2150 2972 spreto

206 2999 545 3051 Brundisium
584 2999 712 3051 adiit
748 3002 800 3051 et
852 2999 1093 3054 Caesaris
1123 3016 1332 3058 ‚nomen
1382 2999 1681 3066 assumpsit.
1748 2997 1882 3049 Tum
1921 2996 2149 3047 Romam

207 3089 385 3153 Venit-3,
422 3105 733 3157 ,omnesque
769 3075 873 3141 iam
927 3075 1054 3142 boni
1108 3107 1305 3155 magna
1355 3090 1421 3140 de
1480 3105 1542 3140 eo
1592 3103 1803 3154 sperare
1850 3086 2150 3150 coeperunt.

206 3177 345 3230 Nam
382 3177 529 3230 brevi
565 3178 691 3230 satis
738 3194 991 3245 magnam
1027 3195 1249 3231 manum
1299 3182 1674 3230 veteranorum
1711 3174 2036 3242 comparavit
2074 3175 2154 3224 at-

327 3319 371 3375 1)
402 3317 492 3367 cio.
525 3318 644 3362 Phil.
677 3320 719 3377 3,
731 3319 819 3375 26.
873 3320 993 3376 App.
1024 3321 1065 3372 3,
1096 3321 1165 3364 46.

328 3391 379 3445 2)
410 3389 498 3435 Cic.
531 3389 650 3435 Phil.
683 3391 724 3443 3,
757 3391 825 3435 31.

326 3463 372 3519 3)
404 3462 495 3507 Cic.
528 3461 646 3506 Phil.
682 3462 722 3514 3,
756 3463 796 3505 8.

325 3535 372 3590 4)
408 3535 680 3591 Argument.
711 3534 761 3578 P.
789 3535 992 3581 Manutii
1025 3535 1081 3578 ad
1113 3532 1203 3578 Cic.
1236 3532 1353 3577 Phil.
1386 3535 1425 3576 5.
1484 3588 1486 3591 ι
