2358 3892
1184 217 1246 267 10

250 367 527 433 οΧορΓρὶἰε,
578 384 716 435 quae
756 368 1003 433 Appiano
1054 366 1104 416 in
1159 363 1402 415 manibus
1453 367 1648 426 essent,
1704 364 1953 417 hausisse.
2025 365 2178 429 Quod

248 471 371 506 vero
408 454 723 507 Schmidtius
760 455 962 506 crimini
1000 453 1091 504 dat
1127 451 1223 515 illi,
1264 451 1407 518 quod
1447 450 1592 517 pluS‚
1628 468 1792 518 quam
1831 470 1914 506 res
1948 453 2178 521 postula·

250 543 394 606 verit,
428 543 481 595 in
519 560 723 596 morum
763 543 1034 595 notatione
1070 540 1222 607 spatii
1262 539 1614 603 collocaverit,
1656 555 1762 592 non
1799 545 1940 594 recte
1976 543 2179 610 vitupe-

252 634 357 696 rat,
398 648 521 683 nam
562 633 614 683 id
652 632 818 697 ipsum
858 630 966 682 vult
1001 628 1340 691 PlutarchUS,
1376 629 1460 691 ut,
1498 627 1681 694 quales
1718 629 1909 682 fuerint
1940 630 2180 684 homines

248 712 313 763 illi
372 729 403 764 a
480 730 570 765 are
608 717 642 766 t.

321 752 332 776 ’
382 730 644 864 &semaam
692 801 756 852 de
792 799 1077 852 Plutarcho
1124 798 1256 861 dixi,
1307 814 1448 850 nunc
1485 799 1550 850 de
1587 798 1753 851 Dione
1791 798 1971 852 Cassio
2007 793 2178 868 pauca

247 888 478 940 afferam.
532 889 691 941 Cuius
728 905 790 940 ex
826 888 1072 955 operibus
1110 887 1193 938 lib.
1220 887 1418 938 44—51
1459 888 1530 939 ad
1551 891 1761 940 nostras
1789 905 1872 941 res
1898 889 2178 956 pertinent.

247 976 397 1038 Quod
447 994 527 1028 res
579 981 750 1043 gestas
798 993 861 1028 ex
909 975 1182 1040 consulum
1232 975 1415 1027 ordine
1467 975 1713 1042 protulit,
1762 962 1865 1041 est,
1917 993 2011 1030 cur
2047 995 2176 1045 gau-

240 1065 486 1125 deamus;
525 1065 616 1117 sed
657 1065 809 1116 nimis
846 1080 1005 1131 saepe
1041 1064 1243 1129 magnis
1281 1063 1543 1115 erroribus
1582 1063 1804 1116 ducitur.

382 1152 728 1205 Vehementer
763 1156 939 1204 autem
983 1152 1267 1203 dolendum
1309 1155 1414 1215 est,
1454 1152 1600 1219 quod
1637 1152 1764 1204 Livii
1799 1154 1844 1204 ei
1882 1154 2022 1219 libri,
2063 1156 2174 1222 qui-

245 1241 344 1292 bus
390 1245 601 1293 nostrae
649 1259 728 1293 res
779 1241 1215 1304 continebantur,
1263 1241 1451 1308 perditi
1501 1245 1641 1293 sunt.
1707 1241 1982 1309 Epitomae
2017 1243 2081 1296 de
2117 1245 2187 1296 iis·

243 1333 526 1396 supersunt
571 1331 755 1382 breves
805 1330 918 1382 illae
965 1330 1209 1397 quidem,
1257 1331 1348 1382 secl
1397 1331 1764 1396 gravissimae,
1818 1331 1943 1398 quia
1987 1331 2186 1386 ibires

246 1420 608 1483 proferuntur,
662 1435 887 1485 quarum
941 1419 1085 1471 nullo
1135 1419 1237 1471 alio
1285 1419 1400 1471 loco
1448 1420 1772 1471 mentionem
1821 1436 1932 1471 esse
1982 1421 2176 1473 factam

243 1506 496 1558 videmus,
566 1507 834 1559 Interdum
885 1509 1259 1575 epitomatores
1309 1524 1523 1575 quoque
1570 1507 1725 1570 Livii,
1780 1508 1938 1561 Iulius
1974 1509 2176 1576 Florus,

241 1594 535 1662 Eut1·opiuS‚
574 1596 789 1648 Orosius
827 1597 1112 1649 adhibendi
1150 1601 1290 1649 sunt.

376 1685 483 1735 lam
524 1686 796 1737 veniamus
832 1686 900 1737 ad
932 1685 987 1738 C.
1012 1686 1261 1738 Velleium
1292 1686 1650 1748 Paterculum,
1681 1686 1768 1753 qui
1788 1687 1942 1740 circa
1970 1705 2170 1740 annum

237 1790 286 1838 p.
322 1772 442 1825 Chr.
481 1791 532 1824 n.
579 1775 897 1826 tricesimum
948 1775 1197 1827 historiae
1232 1776 1513 1828 Romanae
1563 1775 1767 1842 scripsit
1818 1774 1977 1828 libros
2025 1777 2173 1852 duos

241 1860 619 1930 Quaecumque
675 1863 755 1915 ille
804 1864 1007 1927 retulit,
1059 1865 1192 1916 adeo
1242 1869 1364 1932 apte
1413 1868 1463 1916 et
1501 1864 1775 1930 diligenter
1808 1869 1932 1916 sunt
1966 1867 2174 1933 scripta,

238 1954 295 2000 ut
330 1952 420 2012 sit,
469 1968 562 2003 cur
600 1953 904 2015 doleanmS,
942 1954 1085 2020 quod
1127 1954 1177 2004 in
1216 1954 1405 2005 nostris
1441 1954 1598 2006 rebus
1635 1953 2020 2020 perscribendis
2056 1955 2175 2007 bre-

234 2033 471 2085 vissimus
514 2036 684 2088 fuerit.

370 2122 425 2175 C.
471 2123 704 2176 Suetonii
756 2141 970 2192 quoque
1019 2124 1313 2193 Tranquilli
1369 2125 1508 2176 vitae
1557 2124 1796 2177 Caesaris
1848 2130 1899 2177 et
1946 2127 2172 2193 Augusti

234 2211 566 2264 adhibendae
601 2217 738 2266 sunt.
811 2215 1148 2280 Quamquam
1188 2230 1273 2276 ea,
1300 2230 1450 2281 vquae
1487 2215 1672 2278 refert,
1710 2214 2009 2267 cautissime
2043 2219 2166 2269 sunt

237 2301 569 2367 accipienda,
623 2319 743 2355 cum
793 2303 1104 2355 Suetonium
1162 2319 1348 2370 saepe,
1402 2302 1652 2371 quicquid
1695 2303 1820 2354 mali
1869 2305 2170 2371 accepisset,

239 2390 287 2439 in
330 2391 559 2442 medium
594 2393 870 2459 protulisse
902 2396 1131 2458 constet,
1172 2395 1471 2460 temporum
1505 2392 1741 2443 ordinem
1777 2408 1886 2444 non
1916 2395 2169 2462 sequitur.

369 2478 615 2545 Singulae
676 2498 832 2548 porro
888 2498 970 2533 res
1029 2482 1368 2533 inveniuntur
1414 2481 1557 2548 apud
1608 2481 1876 2545 Tacitum,
1930 2482 2170 2548 Gellium,

236 2566 506 2631 Ovidium,
547 2569 797 2635 Plinium,
837 2571 1139 2638 Iosephum,
1178 2570 1446 2623 Valerium
1483 2570 1789 2634 Maximum,
1828 2570 2172 2638 Macrobium,

239 2649 563 2717 Frontinum,
602 2653 744 2704 alios.

371 2739 446 2791 Ex
482 2742 710 2792 nummis
750 2744 962 2808 quidem
1004 2760 1175 2811 pauca
1216 2745 1326 2796 erui
1364 2747 1614 2811 possunt,
1664 2744 1814 2812 plura
1851 2761 1915 2797 ex
1952 2746 2170 2815 inscrip-

235 2822 482 2874 tionibus,

371 2912 450 2963 Ac
506 2913 570 2964 de
615 2916 937 2981 temporibus
988 2917 1297 2968 definiendis
1350 2919 1563 2969 nostrae
1614 2916 1795 2984 copiae
1840 2933 1984 2969 anno
2039 2918 2170 2971 1882

234 3000 513 3068 aliquanto¹
535 3003 882 3069 amplificatae
907 3009 1044 3057 sunt.
1083 3006 1295 3058 Ferialis
1324 3007 1463 3058 enim
1490 3005 1910 3073 templiAugusti
1926 3006 2169 3088 Cumani,

238 3090 383 3141 cuius
436 3089 729 3156 fragmenta
779 3093 882 3144 iam
940 3095 1074 3146 1834
1118 3099 1169 3146 et
1211 3095 1341 3147 1846
1390 3095 1597 3162 prolata
1646 3098 1798 3147 erant
1841 3095 1895 3147 in
1935 3097 2168 3150 medium

236 3177 320 3245 (C.
342 3178 376 3229 I.
398 3178 448 3230 L.
473 3178 508 3230 I.
536 3197 582 3246 p.
606 3180 753 3246 310),
796 3183 1005 3234 tertium
1047 3184 1400 3250 fragmentum
1442 3187 1520 3235 est
1556 3185 1844 3247 inventum,
1882 3201 1988 3252 quo
2012 3202 2170 3254 supe-

233 3263 369 3314 riora
406 3263 492 3314 illa
530 3264 663 3315 bene
701 3266 1012 3332 supplentur
1030 3268 1084 3331 ¹).

368 3351 484 3403 Non
517 3352 628 3403 sine
666 3369 824 3404 causa
862 3354 1057 3407 Nicolai
1084 3356 1397 3410 Damasceni
1433 3357 1597 3409 vitam
1625 3355 1863 3409 Caesaris
1900 3359 2168 3423 postremo

354 3503 393 3556 1)
421 3502 483 3546 Cf.
513 3501 775 3554 Mommsen,
807 3502 994 3547 Hermes
1025 3505 1148 3558 1882,
1181 3520 1222 3561 p.
1252 3505 1463 3549 630—33.
