2358 3892
1124 219 1194 272 3⁷

192 363 371 416 sulum
405 364 665 429 exercitus
699 363 913 418 Decimo
948 363 1226 434 eidemque
1259 366 1457 432 bellum
1492 366 1857 421 Antonianum
1893 371 2128 424 tradere-

189 454 286 505 tur'
307 449 625 518 publiceque
663 452 709 503 ei
745 452 945 517 gratiae
981 456 1278 520 agerentur,
1323 454 1466 521 quod
1504 454 1799 507 Antonium
1836 451 2125 511 devicisset.

188 536 518 591 DeCaesare
553 539 679 591 nihil
713 541 764 592 in
801 541 1032 607 decreto,
1070 558 1139 595 ne
1174 559 1367 595 nomen
1405 542 1619 610 quidem
1651 549 2127 598 commemoratum

188 625 343 689 est¹).
408 625 599 678 Utrum
639 627 838 680 Caesar
876 629 1069 695 pugnis
1104 629 1224 694 illis,
1264 645 1403 698 quae
1438 630 1582 697 apud
1618 630 1812 684 Forum
1848 631 2119 685 Gallorum

187 711 422 777 fiebant,
485 715 777 767 interfuerit
839 732 1031 780 necne,
1071 720 1073 722 ’
1100 718 1203 769 iam
1260 717 1421 784 paulo
1476 719 1774 770 accuratius
1833 720 2124 773 videamus

188 799 371 854 Galba,
395 802 461 854 de
492 817 557 854 eo
593 802 720 854 nihil
758 803 943 854 refert:
979 819 1045 856 ex
1079 804 1292 872 reliquis
1329 804 1633 856 auctoribus
1667 807 1857 861 nostris
1888 823 2128 875 comper-

188 891 305 942 tum
334 889 602 942 habemus
632 890 757 942 item
781 906 918 962 ‘eum
950 893 1113 958 atque
1150 891 1393 944 consules
1427 907 1460 943 a
1490 892 1743 943 militibus
1771 894 2129 947 exultantibus

190 977 392 1044 vesperi
439 978 814 1044 imperatorem
850 994 963 1030 esse
998 978 1328 1046 appellatum
1362 979 1523 1046 idque
1559 995 1754 1031 nomen
1790 981 1835 1033 ei
1871 997 1904 1033 a
1940 985 2131 1035 senatu

189 1070 404 1132 quoque
434 1080 547 1116 esse
565 1064 941 1117 confirmatum
956 1065 1014 1131 ⁹).
1047 1066 1106 1118 In
1139 1066 1303 1118 feriali
1330 1065 1575 1119 Cumano
1605 1082 1654 1118 v,
1682 1067 1745 1118 14
1776 1068 1909 1121 haec
1934 1069 2129 1136 scripta

186 1151 514 1205 invenimus:
556 1152 718 1219 »Apu
741 1152 833 1204 14:
865 1152 953 1205 Eo
983 1153 1067 1206 die
1094 1152 1292 1206 Caesar
1327 1154 1557 1221 primum
1585 1155 1721 1206 vicit.
1778 1155 2131 1223 SuppliJcatio

186 1237 450 1293 Vicimiae
492 1240 822 1306 Augustae«.
905 1240 1087 1309 Atque
1126 1240 1504 1294 Mommsenius
1554 1257 1618 1293 ea
1665 1242 1881 1296 victoria
1932 1245 2130 1297 dictum

186 1341 301 1381 esse
332 1331 514 1382 censet
543 1328 802 1395 proelium
825 1329 970 1396 apud
999 1328 1193 1382 Forum
1219 1329 1491 1382 Gallorum
1518 1329 1735 1382 factum.
1772 1330 2124 1385 Octavianum

185 1415 421 1485 qiidam
437 1431 490 1469 a.
527 1416 578 1468 (1.
611 1416 790 1470 XVIII.
815 1416 931 1470 Kal.
952 1415 1120 1469 Maias
1156 1417 1303 1485 apud
1338 1417 1598 1470 Mutinam
1634 1418 1965 1473 dimicavisse
2002 1437 2127 1473 con·

184 1507 292 1559 stat
325 1521 389 1559 ex
427 1504 617 1558 Ovidio
648 1505 808 1572 (Fast.
839 1505 890 1570 4,
913 1506 1011 1558 621
1031 1505 1082 1558 ff
1083 1506 1133 1572 )

513 1598 744 1654 ›Oocupat
775 1597 949 1655 Aprilis
978 1597 1083 1642 idus
1112 1596 1387 1654 cognomine
1417 1597 1579 1642 Victor

509 1727 516 1732 “
568 1669 768 1726 Iupiter:
810 1670 898 1714 hac
930 1669 1002 1713 illi
1033 1671 1142 1714 sunt
1171 1669 1284 1713 data.
1312 1669 1491 1726 templa
1519 1669 1605 1714 die.

441 1777 445 1780 .
511 1741 610 1785 Hac
640 1754 838 1797 quoque,
871 1741 919 1784 ni
951 1740 1100 1793 fallor,
1130 1740 1303 1797 populo
1332 1739 1603 1797 dignissima
1634 1744 1789 1786 nostro

567 1811 698 1856 Atria
725 1811 935 1856 Libertas
966 1811 1118 1868 coepit
1147 1811 1317 1856 habere
1348 1825 1441 1856 sua.

511 1882 630 1928 Luce
659 1885 874 1928 secutura
903 1885 1029 1928 tutos
1060 1888 1164 1940 pete
1193 1882 1354 1927 navita.
1383 1884 1569 1939 portus:

567 1954 745 1998 Ventus
775 1954 835 1998 ab
866 1967 1030 1998 occasu
1063 1954 1291 2011 grandine
1321 1953 1494 1997 mixtus
1526 1953 1628 1999 erit.

509 2026 705 2079 Scilicet,
735 2027 791 2069 ut.
822 2026 975 2079 fuerit,
1007 2027 1164 2070 tamen
1200 2026 1287 2069 hac
1317 2024 1598 2070 Mutinensia
1625 2025 1791 2069 Caesar

566 2096 803 2141 Grandine
832 2096 1001 2141 militia
1029 2097 1228 2153 perculit
1258 2111 1387 2141 arma
1415 2110 1542 2141 sua«.

321 2160 487 2232 Atqui
514 2169 796 2222 Suetonius
836 2169 1000 2237 (Aug.
1026 2170 1138 2236 10):
1187 2169 1545 2222 »Octavianus
1577 2199 1636 2204 —
1664 2168 1861 2220 bellum
1901 2169 2124 2220 confecit

185 2253 343 2307 tertio
375 2271 574 2322 mense,
613 2258 823 2310 duobus
859 2258 1083 2326 proeliis
1140 2258 1321 2310 Priore
1346 2258 1610 2310 Antonius
1639 2274 1759 2309 eum
1784 2257 1972 2322 fugisse
2000 2256 2123 2307 scri-

186 2341 263 2415 bit
307 2359 371 2396 ac
416 2345 530 2398 sine
574 2346 962 2415 paludamento
1012 2363 1257 2415 equoque
1292 2350 1412 2414 post
1445 2346 1668 2398 biduum
1706 2346 1921 2396 demum
1957 2360 2122 2411 appa-

185 2431 382 2505 ruisse:
411 2431 656 2503 'sequenti
694 2436 821 2488 satis
859 2439 1066 2492 constat
1102 2452 1212 2488 non
1250 2435 1411 2487 modo
1449 2435 1610 2497 duciS,
1643 2433 1734 2485 sed
1759 2434 1916 2484 etiam
1952 2431 2123 2483 militis

185 2520 428 2594 functum
453 2538 702 2576 munere:
743 2527 905 2592 atque
931 2524 985 2576 in
1014 2524 1188 2576 media
1219 2523 1571 2586 dimicatione,
1608 2521 1880 2588 aquilifero
1911 2520 2124 2586 legionis

184 2625 315 2663 suae
349 2613 578 2678 graviter
606 2613 802 2676 saucio,
823 2612 1074 2679 ,aquilam
1100 2612 1331 2664 humeris
1366 2611 1583 2663 subiisse
1619 2610 1816 2676 diuque
1839 2611 2122 2676 portasse«.

216 2687 227 2690 ⁶
302 2698 495 2753 Ovidii
519 2703 709 2775 'autem
747 2701 1123 2765 testimonium,
1160 2701 1301 2753 unde
1338 2702 1562 2767 apparet
1593 2698 1942 2750 Octavianum
1981 2697 2122 2763 apud

183 2787 449 2844 Mutina-m
470 2790 596 2859 a.ld.
618 2790 797 2843 XVIII.
816 2790 932 2842 Kal.
952 2790 1118 2843 Maias
1153 2790 1349 2853 vicisse,
1388 2787 1659 2855 quomodo
1694 2786 2122 2852 coniungendum

184 2877 253 2938 sit
301 2893 425 2931 cum
459 2879 680 2932 Antonii
720 2879 807 2932 illo
858 2879 1183 2944 testimoni0‚
1229 2894 1337 2946 quo
1385 2876 1672 2928 memoriae
1728 2874 1965 2941 proditur
2002 2889 2123 2925 eum

186 2964 314 3035 fuga
349 2966 578 3022 salutem
615 2967 860 3035 petivisse
898 2970 950 3019 et
988 2966 1151 3020 biduo
1189 2968 1310 3033 post
1345 2964 1717 3032 comparuisse,
1756 2962 1980 3028 intellegi
2017 2977 2123 3013 non

184 3057 388 3125 potest,
441 3055 486 3108 si
520 3055 740 3108 Antonii
789 3055 920 3108 illud
974 3055 1235 3123 pertinere
1284 3056 1535 3122 putamus
1579 3052 1649 3104 ad
1686 3050 1940 3118 proelium
1979 3050 2123 3116 apud

185 3143 390 3216 Forum
409 3131 677 3197 Gallorum
712 3142 931 3197 factum.
986 3142 1207 3196 Constat
1238 3143 1378 3195 enim
1407 3140 1761 3194 Octavianum
1797 3155 1861 3192 eo
1888 3137 2123 3190 confecto

224 3283 228 3286 ’
302 3273 346 3356 1)
377 3298 469 3344 eie.
499 3301 559 3344 ad
592 3301 722 3346 Brut.
756 3303 795 3356 1,
829 3303 939 3356 15‚9.
1001 3303 1118 3359 App.
1152 3302 1192 3361 3,
1219 3301 1289 3345 74.

297 3369 342 3428 2)
374 3369 464 3416 oie.
493 3371 612 3418 Phil.
644 3373 711 3427 14,
744 3375 812 3428 11,
869 3373 956 3417 Dio
984 3373 1054 3427 46,
1086 3373 1156 3418 38.
1219 3373 1484 3422 Mommsen,
1516 3368 1646 3413 Rom.
1678 3365 1823 3411 st.-R.
1852 3365 1888 3419 1,
1917 3365 2012 3409 105.
