2358 3892
1160 233 1226 283 30

246 390 322 440 est
366 386 423 440 C.
453 379 776 438 Trrkonium
828 400 854 434 a
893 380 1161 433 Dolabella
1201 379 1461 444 Smyrnae
1497 381 1610 428 esse
1644 375 1984 429 trucidatum.
2058 368 2177 440 Quo

202 477 342 529 facto
378 477 453 542 ips
431 492 484 527 ³e
519 477 634 526 turn
674 471 898 524 Calenus
932 468 1160 534 rogavit,
1208 469 1264 517 ut
1301 465 1573 517 Dolabella
1611 465 1706 516 hos
1710 465 1772 516 tis
1819 465 1999 532 populi
2035 465 2144 518 Ro-

211 564 356 616 mani
396 562 738 623 iudicaretur,
773 559 852 611 cui
885 572 1067 610 omnes
1094 555 1221 606 boni
1260 553 1455 606 assensi
1492 556 1632 605 sunt.
1687 553 1946 606 Postridie
1973 557 2152 607 autem

207 654 318 704 eius
358 652 483 714 diei,
521 665 643 702 cum
679 649 729 699 in
766 648 982 708 senatu,
1013 659 1180 711 quem
1219 642 1395 694 Pansa
1432 642 1690 704 habebat,
1730 645 2008 708 ageretur,
2045 642 2155 695 cui-

206 757 335 793 nam
375 740 568 792 bellurn
595 736 896 790 Dolabellae
926 732 1256 784 inferendum
1291 730 1604 794 traderetur,
1643 728 1823 782 Cicero
1852 736 1973 783 eam
2003 746 2156 784 occa-

207 830 407 882 sionem
444 829 738 893 aucupatus
773 824 907 885 tulit,
945 825 1002 873 ut
1039 819 1093 873 C.
1114 819 1320 872 Cassius
1356 836 1453 887 pro
1490 819 1706 872 consule
1745 822 1879 872 esset
1913 820 1966 871 in
1995 818 2150 886 Syria*

214 919 487 983 maiusque
532 916 577 966 ei
614 930 775 982 quam
811 913 903 975 εἰς,
946 911 1037 978 qui
1073 910 1143 962 ibi
1181 925 1262 961 res
1303 909 1765 972 administrabant,
1805 909 2021 961 daretur
2058 908 2155 960 im'-

217 1006 420 1073 perium
439 1005 492 1067 ¹),
527 1019 700 1071 neque
737 1018 861 1054 vero
893 1000 1078 1062 effecit,
1118 1014 1240 1050 cum
1268 998 1443 1050 Pansa
1475 998 1765 1060 obsisteret,
1804 998 1894 1065 qui
1922 996 2164 1050 Caesaris

217 1094 417 1146 amicus
454 1094 582 1154 erat,
619 1106 790 1157 neque
818 1089 980 1141 Cassii
1019 1088 1196 1155 copias
1235 1087 1386 1139 nimis
1426 1088 1604 1153 augeri
1643 1087 1869 1157 volebat.
1941 1086 1986 1138 Is
2023 1087 2163 1138 enim

221 1185 423 1248 aperte,
470 1180 593 1247 quid
633 1179 697 1231 de
734 1195 790 1230 re
830 1178 1042 1245 publica
1077 1176 1316 1242 sentiret,
1366 1175 1598 1243 profiteri
1637 1176 1876 1250 animum
1917 1175 2168 1228 inducere

217 1286 324 1322 non
363 1268 544 1336 potuit.
604 1268 795 1319 Postea
832 1266 1126 1318 videbimus
1156 1282 1278 1317 eum
1312 1265 1402 1317 diu
1429 1267 1736 1317 cunctatum
1769 1280 1879 1316 esse
1903 1251 2168 1315 'multum-

224 1375 327 1425 que
366 1357 612 1423 temporis
650 1355 892 1418 trivisse,
916 1340 1203 1422 antequam
1244 1355 1419 1407 Roma
1460 1354 1511 1406 in
1548 1354 1838 1430 Antonium
1874 1349 2171 1422 proficisce-

226 1449 386 1498 retur
448 1446 625 1498 Pansa
655 1448 872 1496 auctore
905 1445 1157 1512 placitum
1186 1447 1280 1506 est,
1317 1439 1390 1508 ut,
1427 1443 1642 1495 Decimo
1665 1442 1903 1506 liberato
1933 1428 2175 1495 consules

229 1536 294 1587 de
320 1535 444 1587 Asia
493 1538 542 1585 et
597 1534 746 1601 Syria
793 1533 1070 1602 provinciis
1113 1533 1249 1584 inter
1301 1549 1356 1584 se
1412 1535 1802 1600 compararent,
1848 1532 2045 1599 quique
2081 1533 2175 1585 oh-

224 1624 469 1675 tinuisset
501 1624 723 1691 Syriam
760 1623 958 1675 bellum
996 1621 1298 1674 Dolabellae
1332 1621 1560 1674 inferret.

361 1713 470 1764 Iam
511 1729 634 1763 velo
672 1712 956 1764 redeamus
992 1712 1062 1781 ad
1098 1711 1156 1763 D.
1186 1712 1427 1764 Brutum.
1468 1712 1556 1778 qui
1592 1690 1937 1765 vehementer
1970 1713 2046 1785 ab
2064 1713 2176 1766 An-

229 1802 372 1852 tonio
399 1801 633 1853 Mutinae
672 1801 1088 1868 oppugnabatur
1125 1800 1215 1866 (ad
1253 1801 1625 1863 fam.1.02‚6‚0).
1669 1801 1786 1853 »vix
1812 1779 2174 1879 sustinebat«)

222 1889 569 1956 imperatores
606 1891 830 1942 ita‘rem
870 1890 1005 1942 inter
1043 1906 1098 1941 se
1137 1890 1312 1957 partiti
1351 1867 1519 1951 erant,
1557 1892 1619 1941 ut
1639 1889 1842 1942 Hirtius
1865 1905 1984 1942 cum
2014 1889 2174 1943 Octa-

222 1980 380 2029 viano
438 1970 765 2030 coniunctusv
813 1995 933 2031 eum
988 1978 1201 2044 aggredi
1245 1981 1528 2031 statueret:
1595 1979 1811 2031 Antonii
1853 1978 2173 2047 praesidium

227 2065 473 2119 Claterna
510 2066 695 2118 deiecit
731 2067 904 2134 deque
940 2083 1002 2119 ea
1039 2084 1095 2119 re
1132 2067 1199 2118 ad
1237 2069 1481 2119 senatum
1523 2067 1797 2136 epistulam
1833 2066 2040 2134 scripsit
2079 2062 2171 2140 (cf.

219 2155 298 2206 ‘ad
316 2155 448 2206 sam.
474 2155 552 2217 12,
571 2156 698 2219 52).
756 2155 1034 2208 Caesarem
1063 2156 1189 2220 iam,
1229 2159 1520 2224 antequam
1557 2149 1609 2207 id
1635 2155 1833 2208 bellum
1863 2154 1908 2207 ei
1935 2137 2170 2207 delatum

225 2246 386 2307 esset,
438 2259 589 2295 arma
626 2247 810 2314 contra
848 2245 1140 2297 Antonium
1178 2231 1406 2297 movisse
1442 2260 1616 2312 neque
1650 2233 1936 2311 quicquam
1972 2256 2173 2317 memo-

222 2332 385 2384 rabile
423 2332 667 2396 effecisse,
703 2349 769 2385 ex
803 2324 969 2384 Dione
1005 2333 1087 2396 46,
1123 2333 1189 2385 35
1225 2333 1404 2402 liquet.
1466 2332 1679 2385 Interim
1713 2332 1836 2385 Piso
1865 2334 1918 2385 et
1943 2316 2172 2385 Calenus

223 2419 275 2470 id
307 2424 577 2487 egerunt,
640 2423 697 2472 ut
748 2423 801 2472 in
851 2414 1073 2487 gratiam
1123 2422 1382 2474 rediretur
1428 2437 1547 2474 cum
1600 2422 1861 2484 Antonio,
1911 2423 1963 2472 et
2010 2418 2173 2491 paulo

223 2511 340 2574 post
406 2524 453 2559 a.
521 2509 569 2559 d.
626 2508 729 2560 VII.
796 2509 912 2562 Kal.
975 2505 1191 2562 Martias
1205 2509 1246 2576 2)
1309 2502 1642 2563 adsentiente
1697 2510 1856 2562 etiam
1919 2494 2174 2579 Cicerone

230 2595 393 2647 altera
456 2596 645 2662 legatio
711 2598 920 2650 decreta
982 2601 1069 2650 est
1123 2601 1243 2651 octo
1305 2599 1661 2651 consularium
1677 2598 1735 2664 3).
1815 2597 1872 2650 P.
1926 2597 2175 2650 Servilius

228 2683 504 2746 Isauricus,
542 2685 597 2736 L.
633 2685 844 2750 Caesar,
881 2678 1022 2750 Piso,
1061 2686 1289 2739 Calenus
1324 2687 1384 2757 inj
1415 2687 1474 2738 iis
1512 2689 1680 2750 erant,
1718 2687 1876 2739 etiam
1915 2670 2173 2749 ciceron,

231 2788 327 2823 nec
368 2789 492 2823 vero
544 2774 840 2841 quicquam
878 2775 1121 2827 effectum
1173 2778 1268 2827 est.
1341 2775 1527 2827 Paullo
1580 2778 1700 2842 post
1732 2771 1923 2827 Pansa·
1961 2789 2176 2841 quoque

230 2862 456 2912 exercitu
509 2866 815 2929 comparato
859 2864 1035 2916 Roma
1085 2864 1349 2931 profectus
1396 2867 1499 2927 est,
1551 2867 1612 2916 ut
1661 2880 1717 2915 se
1755 2878 1876 2915 cum
1915 2862 2087 2915 Hirtio
2125 2863 2178 2913 et

234 2948 526 3001 Octaviano
580 2953 941 3016 coniungeret;
1014 2954 1063 3004 id
1130 2954 1272 3020 quod
1314 2953 1563 3020 :quando
1619 2953 1830 3011 factum„
1870 2951 1974 3013 sit«,
2030 2965 2180 3018 [Per-

247 3039 463 3104 spicitur
520 3054 604 3091 -ex
654 3039 758 3091 Cic.
830 3041 895 3092 ad
955 3042 1076 3093 fam.
1127 3043 1207 3105 12,
1251 3042 1475 3106 521⁵),
1550 3042 1642 3094 ubi
1709 3039 2194 3094 Cice-‘ro'Pansam

347 3201 391 3250 l)
426 3198 514 3242 Cic.
547 3197 665 3242 Phil.
701 3199 766 3242 11.

346 3270 392 3323 2)
425 3269 515 3314 Cic.
547 3269 664 3313 Phil.
699 3270 764 3322 12,
797 3271 835 3314 3.

344 3342 387 3396 3)
419 3340 508 3385 Cic.
541 3340 658 3384 Phil.
697 3341 762 3393 12,
795 3341 890 3384 16f.

342 3414 390 3464 4)
423 3412 511 3456 Cic.
541 3411 658 3457 Phil.
695 3411 759 3470 13,
791 3412 859 3456 36.

352 3484 395 3538 5)
431 3483 486 3526 ad
519 3482 823 3534 Cornificium,
855 3486 1047 3528 exeunte
1078 3486 1243 3541 Aprili.
