2358 3892
1162 231 1224 286 17

216 396 378 452 quam
414 383 543 434 -tum
578 379 850 434 Antonius
891 378 1173 435 habitabat
1189 380 1248 448 ¹).
1322 380 1379 434 In
1416 384 1644 451 curiam,
1686 404 1825 455 quae
1860 388 1959 442 sub
1997 389 2152 458 Capi·

207 469 335 526 tolio
374 471 514 533 erat,
562 467 636 522 ire
684 485 791 521 non
841 485 1003 522 ausus
1053 472 1157 533 est,
1208 471 1351 538 quod
1408 472 1475 523 ibi
1511 474 1828 539 gladiatores
1866 494 1989 530 cum
2028 496 2153 532 con-

207 558 389 619 iuratis
427 560 599 621 erant,
650 574 820 625 neque
857 558 1046 611 urbem
1082 561 1314 612 exercitu
1352 565 1649 628 perterrere
1686 566 1909 619 volebat.
1975 568 2154 623 Prima

207 633 390 699 autem
425 645 698 699 lucecum
732 646 1052 714 quibusdam
1088 649 1422 702 senatoribus
1459 652 1526 703 ad
1567 653 1754 706 aedem
1784 654 2005 709 Telluris
2034 675 2155 725 pro-

206 736 439 808 peravit,
499 736 793 804 eodemque
843 736 1013 789 Cinna
1059 737 1219 790 venit.
1307 738 1437 803 Qui,
1491 757 1611 793 cum
1667 743 1833 810 pridie
1886 746 1996 798 eius
2054 748 2155 800 diei

205 836 439 898 vestem,
478 846 513 883 a
560 832 789 897 tyranno
828 828 1042 892 datam,
1081 828 1434 896 deposuisset,
1489 830 1575 882 illo
1613 833 1697 885 die
1735 849 1854 886 eam
1893 836 2149 891 induerat.

207 920 440 986 Quidam
490 937 555 973 ex
601 917 799 971 civibus
849 921 902 971 et
948 918 1214 971 veteranis
1262 918 1527 986 lapidibus
1580 936 1703 973 eum
1750 923 1970 977 insecuti
2017 931 2158 992 sunt,

210 1010 364 1078 quia,
409 1008 652 1077 quamvis
685 1006 926 1060 Caesaris
979 1007 1406 1074 consanguineus
1454 1011 1615 1076 esset,
1670 1012 1904 1065 convicia
1942 1015 1994 1066 in
2033 1032 2154 1069 eum

206 1096 531 1151 contulisset.
604 1097 668 1149 Et
703 1096 952 1160 domum,
989 1096 1042 1148 in
1081 1111 1245 1164 quam
1282 1095 1365 1148 ille
1403 1098 1746 1164 confugerat,
1786 1101 2155 1171 incendissent,

202 1187 265 1239 fni
326 1187 556 1255 Lepidus
617 1203 738 1238 cum
801 1185 1052 1238 militibus
1117 1186 1519 1252 supervenisset.
1604 1187 1726 1251 Qua
1788 1206 1842 1242 re
1902 1193 2158 1246 coniurati

209 1278 410 1329 terrore
458 1278 583 1328 sunt
630 1275 804 1328 affecti
851 1274 1110 1342 multique
1159 1274 1358 1342 Lepido
1394 1276 1605 1328 studere
1642 1264 1944 1344 coeperunt.
2020 1281 2158 1334 Tum

210 1364 506 1428 AntoniuS,
555 1364 607 1416 in
653 1363 971 1432 Capitolium
1024 1363 1226 1427 missiS,
1282 1364 1374 1431 qui
1421 1380 1541 1417 cum
1595 1366 1877 1419 coniuratis
1925 1375 2158 1435 agerent,

209 1469 350 1516 SUOS,
387 1453 515 1520 quid
555 1451 859 1506 faciendum
898 1453 1049 1515 esset,
1087 1451 1307 1518 rogavit.
1370 1452 1548 1519 Atque
1572 1453 1801 1519 Lepidus
1838 1456 1902 1507 de
1935 1455 2160 1511 Caesare

211 1541 512 1595 ulciscendo
563 1541 781 1607 cogitari
828 1541 1020 1603 voluit,
1079 1539 1281 1592 Hirtius
1319 1543 1503 1592 contra
1555 1557 1674 1593 cum
1714 1542 1809 1594 illis
1847 1544 1899 1595 in
1936 1546 2158 1611 gratiam

213 1631 387 1685 rediri.
465 1629 628 1683 Cuius
663 1630 716 1682 in
753 1630 1069 1682 sententiam
1120 1629 1210 1681 ivit
1249 1629 1584 1695 Antoniusss).

248 1755 250 1759 .
346 1726 490 1781 Inter
526 1743 711 1779 omnes
746 1729 953 1780 constat
992 1743 1038 1779 a.
1061 1726 1110 1778 d.
1130 1725 1264 1779 XVI.
1288 1725 1403 1779 Kal.
1423 1726 1631 1793 Apriles
1669 1730 1913 1779 senatum
1943 1728 2015 1780 ibi
2047 1745 2158 1780 esse

204 1815 468 1869 habitum.
542 1815 768 1869 Velleius
821 1815 1037 1883 quidem
1077 1816 1125 1879 2,
1155 1816 1223 1867 58
1262 1817 1314 1867 et
1348 1815 1666 1868 Plutarchus
1715 1814 1840 1880 (Cic.
1871 1816 1973 1879 42),
2026 1833 2155 1884 quo-

205 1919 334 1957 nam
373 1904 456 1957 die
492 1904 546 1956 id
584 1903 783 1957 factum
818 1904 900 1967 sit,
937 1919 1046 1955 non
1075 1902 1326 1965 referunt,
1365 1902 1503 1969 App.
1530 1903 1682 1968 2123
1702 1903 1754 1955 ff.
1792 1906 1843 1956 et
1875 1904 1973 1956 Dio
2004 1904 2157 1970 4422

203 1996 450 2046 senatum
493 1993 736 2045 habitum
785 2008 897 2045 esse
933 1992 1016 2044 die
1053 1993 1175 2058 post
1210 2007 1394 2043 necem
1433 1989 1671 2043 Caesaris
1710 1993 1998 2045 memoriae
2032 2009 2151 2060 pro-

202 2081 483 2146 diderunt,
534 2080 854 2134 Plutarchus
906 2080 1056 2145 (Ant.
1093 2079 1175 2145 11)
1226 2081 1346 2146 post
1398 2094 1586 2131 cenam
1625 2079 1766 2131 illam
1806 2082 1950 2148 apud
1986 2082 2154 2134 Anto-

207 2170 357 2223 nium
395 2172 450 2223 et
486 2169 747 2237 Lepidum
781 2169 994 2222 factam.

345 2266 452 2320 Sed
488 2265 591 2319 Cic.
624 2265 757 2318 Phil.
790 2266 838 2328 2,
862 2266 928 2317 89
965 2267 1149 2331 aperte
1186 2263 1236 2314 id
1275 2278 1321 2314 a.
1355 2262 1404 2313 d.
1437 2262 1571 2314 XVI.
1602 2262 1716 2314 Kal.
1755 2263 1962 2329 Apriles
1996 2263 2154 2316 fuisse

205 2354 465 2407 ostendit:
521 2369 727 2420 »neque
777 2355 831 2404 te
883 2351 969 2403 illo
1016 2351 1099 2403 die
1135 2366 1308 2416 neque
1346 2352 1560 2416 postero
1597 2349 1728 2411 vidi3
1781 2366 1956 2418 neque
1991 2351 2152 2404 ullam

205 2442 512 2494 societatem
579 2440 790 2507 optimis
844 2439 1044 2491 civibus
1101 2454 1220 2490 cum
1277 2436 1726 2504 importunissimo
1782 2437 1993 2490 foedere
2048 2439 2154 2491 ullo

206 2530 511 2582 confirmari
545 2545 699 2596 posse
736 2528 949 2580 credidi.
1004 2526 1131 2578 Post
1170 2525 1307 2577 diem
1344 2524 1558 2575 tertium
1593 2524 1710 2576 veni
1747 2525 1798 2576 in
1826 2525 2012 2576 aedem
2034 2526 2154 2577 Tel-

204 2618 331 2671 luris
368 2621 421 2670 et
454 2618 670 2685 quidem
709 2616 919 2679 invituS,
959 2630 1080 2667 cum
1112 2628 1296 2665 omnes
1324 2611 1500 2663 aditus
1532 2613 1723 2664 armati
1759 2613 2154 2678 obsiderent«3).

205 2706 286 2760 Ac
330 2706 504 2758 maior
538 2705 751 2773 quidem
790 2720 913 2770 pars
948 2705 1255 2754 senatorum
1294 2699 1693 2767 percussoribus
1733 2700 1960 2752 favebat.
2028 2700 2155 2764 Qui-

163 2805 170 2807 ’
208 2794 333 2848 dam
372 2795 478 2847 fide
516 2794 643 2846 data
678 2810 768 2846 eos
802 2792 870 2845 ad
900 2798 1183 2845 commune
1209 2788 1483 2841 consilium
1518 2787 1850 2840 adhibendos
1883 2805 1995 2840 esse
2031 2805 2153 2840 cen—

207 2862 447 2937 suerunt.
528 2882 684 2947 Quod
736 2882 846 2934 fieri
896 2879 1160 2934 Antonius
1212 2877 1362 2930 facile
1411 2892 1597 2944 passus
1646 2879 1750 2939 est,
1803 2876 1893 2943 qui
1942 2877 2153 2943 quidem

209 2987 320 3026 non
367 2972 637 3040 ignoraret
687 2988 776 3024 eos
812 2986 922 3023 non
959 2985 1070 3022 esse
1106 2969 1373 3020 venturos.
1445 2964 1601 3028 Quod
1637 2964 1709 3016 ita
1747 2965 1978 3016 evenisse
2014 2980 2155 3017 com-

205 3062 420 3128 pertum
456 3059 734 3115 habemus,

252 3269 254 3271 ,
307 3225 370 3282 ’1)
401 3225 681 3271 Garatonius
709 3226 769 3271 ad
799 3225 891 3271 Cic.
921 3224 1039 3269 Phil.
1071 3223 1110 3275 2,
1143 3222 1212 3266 88.

324 3302 375 3359 2)
403 3301 504 3348 Nic.
534 3302 666 3348 Dam.
696 3303 767 3349 27.

328 3380 378 3436 3)
406 3380 474 3427 ct.
502 3380 605 3424 Nic.
631 3380 763 3425 Dam.
793 3381 867 3434 17;
898 3380 989 3425 Cic.
1019 3380 1077 3424 ad
1113 3380 1210 3423 Att.
1244 3375 1309 3428 14,
1343 3374 1462 3426 10‚1;
1495 3371 1562 3423 14,
1596 3371 1704 3422 14,2.

238 3482 274 3506 v.
298 3474 363 3506 Ha
374 3484 397 3515 g
407 3483 428 3507 e
437 3483 462 3507 n
475 3499 484 3513 ,
526 3474 775 3514 Quaestiones
798 3474 951 3507 criticae
981 3473 1051 3506 etc.
1788 3451 1816 3493 2
