2358 3892
1083 246 1144 300 21

131 398 428 464 δεδομένον
460 414 511 446 τι
551 395 783 459 ἔχουσαν
834 396 1043 462 στῆναι.
1098 392 1187 444 καὶ
1231 399 1417 459 μέντοι
1462 391 1552 443 καὶ
1599 392 1740 457 μετιὲ
1784 392 1959 443 ταῦτα
2008 391 2076 451 ὥς

131 485 275 538 πολι)
302 484 743 550 τοῦτ”ἒγίγνετο,
791 482 880 533 καὶ
929 481 1108 548 ἔλεγεν
1154 481 1449 547 ἀναγκαῖον
1494 472 1641 531 εἷναί
1683 499 1806 531 τινα
1855 482 1964 530 τῶν
2013 481 2073 530 ἐν

131 577 246 634 τοῖς
287 571 570 640 γράμμασι
616 574 728 631 τοῖς
775 573 874 622 τοῦ
926 574 1194 636 Καίσαρος
1243 568 1580 635 εὑρεθέντων
1637 567 1970 636 ἐκλεχθῆναί
2017 586 2076 617 τε

71 719 75 723 ,
132 661 223 713 καὶ
244 663 476 730 πραχθῇ
484 678 581 723 ναι,
605 660 757 724 ὑμεῖς
780 661 882 724 μὲν
905 658 1045 723 μετά
1070 659 1179 707 τῶν
1202 654 1432 723 πρώτων
1446 655 1662 722 ἀνδρῶν
1691 653 2073 720 προσετάξατε

129 749 280 815 αὐτῷ
313 750 493 799 ταῦτα
527 746 818 808 διαλέξακ<.
906 745 1227 797 Schmidtius
1254 745 1291 808 1)
1330 761 1393 795 ex
1425 743 1689 795 Ciceronis
1724 743 1856 794 Phil.
1895 744 1943 805 2,
1979 743 2075 794 100

132 841 186 891 et
219 837 446 906 epistula
491 839 546 887 at
582 836 691 887 Att.
734 834 814 895 16,
858 834 936 895 16,
980 833 1035 884 11
1074 832 1128 884 S.
1165 831 1220 884 C.
1257 831 1354 883 hoc
1390 831 1498 883 fere
1550 830 1706 882 fuisse
1742 833 1922 897 putat:
1987 833 2077 881 »ut

134 926 375 980 consules
409 940 530 978 cum
568 922 779 975 consilio
817 921 931 973 Kal.
970 921 1144 983 IuniiS,
1185 937 1322 988 quae
1341 919 1538 972 Caesar
1572 919 1855 981 statuisset,
1894 919 2076 969 decre-

135 1014 305 1076 visset,
341 1013 542 1079 egisset,
572 1012 962 1076 cognoscerent,
992 1010 1300 1071 statuerent,
1324 1007 1664 1059 iudicarent«.
1726 1006 1802 1057 Ex
1826 1022 1903 1068 e0‚
1932 1006 2076 1072 quod

133 1103 234 1156 Dio
259 1099 519 1155 consentit
548 1115 668 1151 cum
700 1097 965 1156 Cicerone,
1001 1098 1222 1163 apparet
1257 1095 1382 1146 illud
1422 1094 1472 1146 S.
1511 1093 1567 1145 C.
1609 1094 1688 1158 (ut
1731 1093 1969 1145 consules
2012 1123 2073 1129 —-

133 1188 444 1252 iudicarent)
490 1185 794 1254 oppositum
832 1201 947 1236 esse
994 1183 1218 1235 consiliis
1265 1183 1362 1233 illis
1406 1182 1651 1245 Antonii,
1697 1181 1887 1248 quibus
1936 1182 2076 1247 leges

132 1277 287 1331 Iulias
312 1277 364 1329 in
403 1292 557 1328 suam
601 1274 879 1326 utilitatem
921 1275 1194 1324 everteret.
1269 1270 1530 1323 Ciceronis
1561 1273 1739 1322 autem
1774 1270 1887 1332 illa,
1938 1286 2077 1337 quae

123 1368 254 1419 ‘sunt
291 1366 344 1418 in
380 1364 602 1433 epistula
639 1362 708 1414 ad
755 1362 880 1414 fam.
923 1361 1002 1424 12,
1045 1362 1089 1424 1,
1126 1361 1185 1411 2:
1247 1361 1426 1412 »cuius
1477 1375 1603 1411 aera
1651 1359 1869 1423 refigere
1916 1359 2076 1411 debe-

129 1455 336 1518 bamuS,
373 1453 484 1506 eius
505 1452 663 1504 etiam
689 1449 1040 1517 chirographa
1070 1448 1400 1501 defendimus
1412 1448 1468 1501 2«
1514 1451 1600 1500 »at
1629 1447 1768 1499 enim
1796 1447 1868 1500 ita
1894 1447 2076 1499 decre·
2165 1495 2169 1499 .

127 1543 349 1595 vimur.‹
425 1540 699 1593 »Fecimus
722 1539 774 1590 id
810 1538 1026 1606 quidem
1061 1537 1390 1604 temporibus
1419 1537 1684 1598 cedenteS‚
1724 1551 1862 1603 quae
1898 1535 2074 1588 valent

127 1632 180 1684 in
233 1647 290 1683 re
333 1629 545 1698 publica
594 1628 906 1695 plurimum,
960 1626 1052 1678 sed
1101 1625 1449 1677 immoderate
1499 1625 1717 1691 quidam
1770 1628 1820 1676 et
1867 1624 2074 1691 ingrate

126 1722 311 1774 nostra
349 1717 596 1771 facilitate
639 1717 967 1768 abutuntur«
1009 1744 1072 1751 —
1117 1714 1378 1782 pertinent
1425 1713 1493 1765 ad
1528 1714 1582 1766 S.
1619 1712 1676 1765 C.
1713 1713 1870 1776 illud,
1927 1716 2070 1780 quod

126 1808 329 1862 factum
366 1809 482 1860 erat
518 1822 564 1858 a.
597 1805 646 1857 d.
677 1804 812 1856 XVI.
842 1803 954 1856 Kal.
981 1803 1203 1870 Apriles.
1259 1801 1417 1854 Haud
1455 1802 1562 1853 scio
1598 1817 1666 1853 an
1702 1802 1886 1854 eodem
1925 1803 1975 1854 S.
1998 1803 2073 1856 Co

129 1895 432 1950 consulibus
480 1894 708 1960 cognitio
756 1893 886 1944 data
921 1893 1009 1955 sit,
1060 1907 1198 1958 quae
1245 1894 1428 1958 postea
1464 1890 1578 1956 lege
1613 1891 1846 1943 Antonia
1879 1892 2070 1944 confir-

127 1987 271 2038 mata
314 1986 406 2036 est.
492 1983 599 2034 Lex
646 1984 825 2034 autem
865 1980 1097 2047 Sulpicia
1137 1979 1261 2031 data
1304 1983 1446 2042 erat,
1494 1982 1553 2030 ut
1598 1979 1812 2030 Antonii
1861 1980 2072 2033 consilia

123 2073 558 2142 reprimerentur,
611 2070 698 2138 qui
737 2069 907 2136 primo
943 2068 1157 2136 quidem
1197 2067 1341 2119 omni
1379 2067 1733 2133 temperantia
1777 2083 1902 2118 usus
1945 2068 2070 2119 nihil

125 2162 223 2214 nisi
253 2177 376 2214 cum
415 2160 629 2212 consilio
677 2157 900 2223 fecerat,
955 2157 1047 2208 sed
1098 2159 1210 2207 tum
1259 2172 1323 2207 ex
1372 2155 1533 2206 animi
1581 2156 1843 2207 sententia
1891 2157 2069 2208 omnia

123 2250 373 2302 turbavit.
445 2247 601 2312 Quod
639 2263 766 2299 vero
802 2250 986 2313 postea
1024 2245 1251 2311 cognitio
1289 2242 1528 2295 Caesaris
1566 2245 2066 2296 commentariorum

125 2333 516 2408 procrastinata
567 2339 668 2401 est.
717 2337 818 2387 hac
871 2335 936 2386 de
986 2349 1145 2386 causa
1194 2334 1391 2385 factum
1447 2335 1540 2384 est.
1612 2333 1876 2384 Antonius
1929 2334 2067 2384 enim

127 2430 351 2481 exeunte
386 2441 568 2478 mense
603 2425 767 2492 Aprili
822 2425 920 2476 iter
956 2423 1080 2474 illud
1121 2423 1173 2473 in
1208 2421 1455 2487 Magnam
1497 2420 1769 2473 Graeciam
1809 2423 2070 2489 ingressus

127 2521 222 2580 est,
250 2519 308 2568 ut
330 2519 610 2568 veteranos
637 2530 698 2566 eo
723 2513 978 2565 deductos
1005 2527 1217 2578 eosque,
1247 2526 1379 2577 quos
1408 2510 1730 2561 deducturus
1756 2514 1885 2575 erat,
1912 2512 2071 2579 plane

130 2606 228 2659 sibi
266 2604 568 2657 devinciret.
639 2602 794 2654 Unde
831 2618 879 2654 a.
906 2601 956 2652 d.
987 2600 1051 2653 X.
1079 2599 1194 2652 Kal.
1223 2599 1333 2650 Iun.
1363 2598 1597 2650 Romam
1635 2599 1809 2662 rediit,
1849 2600 1935 2651 ubi
1976 2617 2070 2667 per

132 2696 305 2747 totum
343 2692 472 2744 illud
504 2695 717 2758 tempus
754 2692 968 2742 senatus
1005 2705 1113 2740 non
1151 2688 1365 2740 habitus
1401 2690 1530 2739 erat.
1599 2686 1693 2739 Illa
1731 2687 1811 2739 lex
1842 2689 1921 2753 (ut
1949 2703 2072 2741 con-

131 2781 272 2836 sules
305 2811 368 2818 —
406 2780 718 2846 iudicarent)
757 2795 940 2831 mense
974 2777 1113 2830 Maio
1149 2793 1181 2829 a
1221 2777 1443 2828 tribunis
1481 2777 1797 2844 quibusdam
1837 2778 2072 2831 Antonio

131 2870 332 2924 infestis
377 2869 715 2938 promulgata
764 2867 973 2920 videtur
1016 2882 1142 2918 esse.
1215 2865 1406 2931 Legem
1452 2865 1787 2918 tribuniciam
1826 2867 1894 2919 ad
1931 2866 1983 2919 S.
2015 2867 2072 2920 C.

137 2959 487 3028 pertinentem
541 2958 724 3010 datam
774 2973 887 3009 esse
932 2972 981 3007 a.
1022 2956 1070 3007 d.
1115 2954 1193 3006 IV.
1233 2954 1366 3006 Non.
1403 2954 1515 3006 Iun.
1557 2953 1725 3007 elucet
1762 2971 1826 3007 ex
1864 2954 1965 3009 Cic.
2006 2957 2075 3009 ad

131 3048 239 3101 Att.
286 3046 375 3111 16,
421 3047 508 3111 163,
554 3047 631 3098 11.
714 3045 821 3098 Sed
874 3044 1136 3097 Antonius
1197 3046 1317 3110 post
1374 3043 1602 3094 reditum
1650 3043 1782 3095 illius
1845 3044 1920 3096 rei
1967 3061 2071 3097 non

134 3138 240 3190 iam
291 3135 552 3189 rationem
600 3135 790 3187 habuit
839 3137 889 3186 et
941 3135 1156 3185 senatus
1208 3132 1257 3183 in
1309 3148 1365 3183 se
1413 3131 1739 3183 voluntatem
1776 3148 1874 3199 pro
1912 3132 2075 3184 nihilo

131 3224 334 3278 habuit.
419 3223 670 3276 Ceterum
708 3222 993 3289 Langius2)
1046 3224 1198 3289 putat
1235 3220 1466 3287 primum
1507 3220 1722 3287 quidem
1769 3236 1816 3272 a.
1854 3221 1904 3272 d.
1941 3221 2073 3273 XVI.

132 3313 248 3367 Kal.
286 3313 414 3381 Apr.
453 3329 518 3365 ea
554 3329 666 3366 esse
701 3312 1045 3374 confirmata,
1093 3326 1233 3378 quae
1271 3310 1378 3362 iam
1416 3312 1541 3361 ante
1572 3308 1813 3362 Caesaris
1848 3312 2072 3362 mortem

250 3504 295 3562 1)
323 3504 356 3551 1.
386 3519 424 3552 ο.
454 3519 500 3563 p.
527 3504 614 3551 488
634 3502 684 3551 ff.
746 3527 803 3538 -—
863 3502 910 3562 2)
938 3516 984 3560 p.
1015 3501 1113 3548 692.
