2358 3892
1122 235 1175 286 11

187 362 302 416 loco
323 361 574 417 nominor
624 360 770 412 Multi
807 362 944 427 enim
975 361 1068 412 viri
1096 361 1249 424 docti,
1288 362 1375 428 qui
1410 361 1480 412 eis
1508 361 1572 412 de
1597 360 1753 412 rebus
1779 360 2111 425 scripserunt,

186 450 461 503 Nicolaum
514 449 648 502 adeo
696 450 1074 517 despexerunt,
1127 453 1186 502 ut
1231 467 1420 517 operae
1457 449 1682 517 pretium
1718 448 1782 499 sit
1821 447 2115 500 accuratius

187 537 255 591 de
301 553 364 590 eo
410 554 581 604 agere.
657 538 832 606 Atque
869 538 950 590 ille
987 537 1228 590 Damasci
1264 554 1405 590 anno
1439 538 1507 589 64
1545 541 1722 600 natUS,
1772 537 1822 588 id
1859 539 1935 587 est
1972 551 2114 587 anno

186 629 310 678 ante
344 624 620 678 Octavium
671 630 880 689 natum,
930 642 1049 678 cum
1101 627 1354 693 imprimis
1389 627 1438 679 in
1477 642 1637 693 opera
1674 624 1959 677 Aristotelis
1994 624 2115 675 rhe-

189 713 354 768 torica
401 717 453 767 et
488 714 848 782 philosophica
882 715 1225 777 incubuisset,
1279 714 1347 765 ad
1384 714 1631 766 historiae
1667 713 1970 765 universalis
2008 714 2117 763 stu-

186 802 333 854 dium
382 819 439 856 se
488 802 721 856 contulit.
793 802 983 854 Postea
1034 804 1100 855 ad
1143 802 1406 855 Herodem
1455 819 1630 869 regem
1683 803 1942 854 adductus
1990 817 2111 852 cum

188 906 252 943 eo
276 890 506 944 Romam
541 890 606 942 ad
638 889 939 955 Augustum
976 890 1241 957 profectus
1277 896 1352 942 est
1373 892 1424 955 ¹).
1491 891 1594 942 Sed
1630 906 1749 942 cum
1792 890 2028 942 Herodes
2063 889 2113 940 in

190 979 437 1034 iudicium
478 978 736 1030 deductus
776 982 936 1041 esset,
975 979 1115 1046 quod
1155 980 1206 1031 in
1243 979 1496 1032 Arabiam
1535 980 1834 1043 invasisset,
1873 978 2119 1030 Nicolaus

189 1083 332 1119 anno
379 1082 412 1119 a
450 1065 571 1119 Chr.
611 1083 660 1118 n.
709 1069 896 1118 octavo
935 1067 1123 1119 iterum
1163 1067 1390 1119 Romam
1432 1068 1693 1134 profectus
1731 1083 1944 1119 causam
1983 1067 2118 1132 regis

189 1158 300 1208 tam
337 1154 610 1220 diligenter
655 1156 774 1221 egit,
814 1159 870 1207 ut
911 1157 1133 1222 Augusti
1170 1158 1392 1222 gratiam
1435 1157 1601 1208 iniret.
1684 1157 1894 1208 Herode
1939 1159 2117 1208 autem

189 1246 399 1296 mortuo
458 1244 671 1295 tertium
734 1230 876 1295 anno
933 1260 964 1295 a
1005 1244 1125 1296 Chr.
1164 1262 1215 1296 n.
1271 1248 1462 1312 quarto
1509 1246 1740 1297 Romam
1789 1262 1842 1296 se
1882 1244 2119 1296 contulit.

188 1332 262 1387 Ibi
297 1335 474 1386 utrum
507 1335 747 1387 mortuus
778 1333 858 1397 sit,
892 1336 949 1385 ut
977 1333 1270 1385 Schmidtio
1303 1333 1525 1402 videtur,
1562 1351 1631 1386 an
1659 1335 1708 1387 in
1741 1334 1922 1385 Asiam
1954 1349 2125 1384 rever-

187 1421 322 1486 terit,
360 1422 411 1474 in
448 1421 622 1474 medio
656 1422 999 1489 relinquatur.
1066 1421 1212 1489 Opus
1253 1427 1374 1475 sunt
1409 1423 1496 1490 qui
1538 1425 1723 1490 putent
1762 1439 1882 1474 eum
1918 1422 2122 1474 Romae

187 1511 570 1579 conscripsisse,
597 1509 699 1574 alii,
725 1511 867 1562 velut
894 1510 1127 1575 Mueller,
1154 1512 1477 1579 Apolloniae.
1528 1511 1650 1562 Mihi
1679 1511 1893 1578 quidem
1915 1511 2123 1563 Romae

188 1599 452 1669 scripsisse
481 1599 755 1653 Nicolaum
792 1616 1042 1667 magnam
1083 1604 1284 1667 partem
1322 1601 1494 1668 operis
1528 1600 1662 1652 effici
1698 1600 1902 1651 videtur
1937 1617 2001 1652 ex
2037 1601 2125 1664 εἰς,

188 1705 327 1756 quae
375 1689 716 1741 inveniuntur
767 1689 910 1756 apud
963 1688 1293 1741 Dindorfium
1361 1688 1612 1754 (historici
1656 1688 1842 1742 Graeci
1897 1688 2124 1740 minores

188 1795 238 1846 p.
285 1777 471 1838 144b):
535 1776 791 1846 »ᾑτιῶντό
830 1797 967 1837 τινες
1023 1778 1122 1828 τόν
1168 1777 1440 1831 Νικόλαον
1485 1807 1553 1814 -·
1597 1774 1679 1828 ὅτι
1745 1778 1840 1837 τοὶς
1907 1777 2122 1837 πλείους

187 1866 466 1935 διατριβάς
511 1867 750 1918 ἐποιεῖτο
798 1867 941 1934 μετοὲ
992 1870 1100 1918 τῶν
1137 1867 1464 1935 δημοτικῶν,
1518 1867 1770 1919 ἐκκλίνων
1807 1866 1930 1926 τούς
1960 1866 2122 1933 μεγά-

187 1955 308 2016 λους
366 1955 456 2007 καὶ
525 1955 935 2024 ὑπερπλούτους
991 1959 1100 2008 τῶν
1164 1957 1222 2007 ἐν
1279 1954 1502 2024 Ῥώμῃ<<.
1600 1956 1874 2009 Nicolaum
1937 1974 2122 2024 paren-

188 2045 328 2118 tibus
374 2044 616 2108 IudaiciS,
669 2049 728 2098 ut
775 2046 1096 2116 Schmidtius
1149 2047 1201 2112 (l.
1235 2063 1276 2098 c.
1315 2063 1368 2113 p.
1407 2046 1529 2109 670)
1575 2050 1752 2113 putat,
1799 2051 1972 2098 ortum
2011 2064 2119 2097 esse

189 2150 299 2187 non
346 2133 517 2187 credo.
587 2134 850 2202 Scriptum
890 2136 1026 2187 enim
1065 2137 1306 2187 videmus
1346 2136 1396 2186 in
1435 2136 1521 2197 εἰς,
1560 2151 1698 2203 quae
1733 2134 1976 2187 Nicotaus
2013 2136 2122 2201 ipse

187 2223 254 2277 de
286 2224 397 2276 vita
433 2239 531 2275 sua
569 2225 856 2276 memoriae
892 2224 1067 2292 prodit
1101 2224 1359 2288 (Dindorf‚
1398 2223 1527 2276 Hist.
1559 2223 1644 2276 Gr.
1681 2222 1804 2275 Min.
1836 2223 1869 2286 Ι,
1904 2243 1949 2290 p.
1990 2224 2120 2290 137),

187 2316 413 2382 patrem,
449 2328 570 2365 cum
599 2313 836 2365 animam
862 2317 1056 2378 ageret,
1087 2313 1359 2365 Nicolaum
1390 2314 1470 2364 vel
1493 2313 1874 2375 Ptolemaeum,
1907 2315 2118 2364 fratrem

188 2405 313 2467 eim,
351 2403 557 2455 iussisse
593 2403 702 2454 Iovi
733 2403 933 2455 donum
960 2403 1162 2466 offerre,
1197 2403 1337 2470 quod
1380 2404 1423 2454 ei
1460 2419 1515 2454 se
1541 2404 1799 2454 facturum
1832 2418 1941 2453 esse
1967 2406 2122 2455 antea

189 2491 450 2562 pollicitus
499 2495 647 2543 esset.
733 2491 918 2560 Neque
978 2493 1030 2544 id
1091 2508 1328 2559 unquam
1379 2492 1646 2543 hominem
1699 2508 1818 2543 vere
1872 2491 2120 2542 Iudaeum

190 2576 452 2629 facturum
491 2574 646 2627 fuisse
682 2576 1006 2628 credendum
1041 2580 1134 2628 est.

329 2664 477 2717 »Vita
513 2664 800 2729 Caesaris«,
852 2667 945 2717 etsi
995 2682 1100 2717 non
1153 2668 1264 2716 tota
1314 2664 1465 2715 nobis
1515 2665 1567 2714 in
1616 2662 1860 2715 manibus
1908 2666 2009 2724 est,
2059 2663 2123 2714 de

190 2754 468 2818 Octaviani
512 2755 807 2821 primordiis
861 2771 940 2807 res
989 2755 1206 2822 protulit
1244 2754 1452 2819 dignaS,
1507 2752 1557 2803 in
1596 2768 1728 2818 quas
1765 2755 1875 2803 toto
1914 2754 2123 2818 pectore

190 2843 580 2897 incumbamus,
638 2844 765 2895 Inde
803 2861 836 2897 a
875 2844 1079 2896 Valesio
1116 2860 1179 2895 ex
1217 2843 1393 2894 codice
1433 2842 1718 2907 archetypo
1755 2843 2122 2907 excerptorum

191 2933 660 2987 Constantinorum
712 2933 1085 2995 bibliothecae,
1144 2948 1280 2999 quae
1331 2933 1443 2982 erat
1490 2931 1540 2980 in
1590 2929 1861 2981 Turonum
1916 2930 2122 2992 finibuS,

191 3023 365 3091 capita
399 3022 702 3089 quindecim
739 3027 906 3087 erant,
944 3024 1134 3090 quibus
1164 3020 1523 3073 adulescentia
1553 3018 1826 3070 Octaviani
1859 3034 2026 3085 usque
2057 3019 2124 3069 ad

191 3111 420 3164 reditum
459 3111 568 3163 eius
599 3127 661 3164 ex
689 3112 826 3164 bello
854 3111 1187 3179 Hispaniensi
1218 3110 1529 3160 continetur.
1580 3108 1711 3159 Pars
1738 3111 1915 3158 autem
1941 3107 2124 3170 altera,

189 3201 314 3254 inde
364 3216 397 3252 a
439 3203 705 3268 tempore,
755 3217 892 3265 quae
929 3200 1240 3268 Apolloniae
1290 3201 1432 3260 erat,
1480 3213 1646 3262 usque
1683 3195 1749 3247 ad
1789 3195 1907 3246 belli
1943 3199 2127 3248 contra

193 3289 487 3343 Antonium
536 3294 824 3356 apparatus
874 3290 1026 3355 (Nov.
1062 3289 1172 3353 44),
1226 3287 1452 3338 sedecim
1498 3286 1670 3351 capita
1716 3285 2016 3347 continenS,
2065 3301 2128 3336 ex

195 3377 373 3431 codice
402 3377 740 3430 Escorialensi
775 3380 826 3430 in
863 3394 1018 3430 usum
1057 3377 1118 3429 K.
1143 3376 1373 3429 Muelleri
1412 3374 1726 3440 transcripta
1764 3374 1831 3423 ab
1869 3389 1930 3423 eo
1961 3373 2127 3439 primo

314 3523 354 3577 1)
386 3520 452 3565 Of.
486 3520 769 3566 Dindorfium
801 3520 1009 3566 historici
1041 3519 1204 3564 Graeci
1237 3520 1432 3562 minores
1464 3517 1621 3574 p.140.
