2358 3892
1128 232 1205 287 '35

202 399 286 437 τιε-
329 383 543 436 strenue
606 381 946 448 celeriterque
1009 380 1182 434 hostes
1236 378 1661 449 persequeretur,
1718 371 2138 450 ‘impeditus'e'stss

202 469 342 524 Tum
377 466 604 521 Hirtium
647 468 698 520 in
748 484 811 521 ea
862 471 1036 522 castra
1088 469 1284 522 redisse
1319 468 1487 522 Galba
1532 469 1733 533 scribit,
1785 469 1925 522 unde
1961 469 2138 523 Pansa

200 557 425 611 exiisset.
497 557 648 621 Quae
693 557 820 609 dum
861 560 1150 623 geruntur,
1195 556 1391 611 Caesar
1429 573 1643 624 quoque
1678 557 1989 611 adulescens
2025 573 2139 611 rem

200 645 338 698 bene
374 649 624 711 gesserat,
660 645 881 698 absente
912 646 1051 699 enim
1081 644 1253 699 Hirtio
1285 648 1473 699 castra·
1491 646 1599 698 eius
1625 646 1807 713 paucis
1835 640 2140 699 cohortibus

199 736 394 788 contra
429 733 485 786 L.
512 733 806 786 Antonium
846 733 1156 787 defenderat
1179 733 1232 799 ¹).
1304 733 1509 786 Proelio
1546 734 1786 787 confecto
1823 738 1874 786 et
1899 735 2140 788 consules

200 825 254 876 et
289 821 487 876 Caesar
524 839 557 876 a
594 821 843 874 militibus
880 823 1220 890 imperatores
1259 825 1384 874 snnt
1420 821 1686 889 appellati.

338 911 395 963 ln
432 909 635 964 Galbae
679 909 901 977 epistula
948 909 1046 963 tria
1094 910 1481 963 desideramus:
1530 927 1593 963 ac
1640 911 1869 977 primum
1924 911 2139 979 quidem

201 998 543 1053 Carfulenum
582 1014 690 1050 non
728 999 996 1062 nominat,
1049 1000 1162 1051 tum
1204 997 1329 1050 nihil
1370 998 1492 1050 dicit
1529 999 1596 1051 de
1631 998 1810 1052 Pansa
1848 1000 2141 1064 vulneram,

199 1087 428 1154 denique
456 1085 813 1138 Octavianum
855 1101 1028 1153 neque
1064 1086 1375 1153 participem
1412 1083 1568 1138 fuisse
1603 1087 1781 1153 proelii
1817 1103 1990 1155 neque
2019 1104 2142 1140 eum

198 1173 552 1242 consulesque
587 1173 931 1240 imperatores
965 1173 1406 1240 esseappellatos
1446 1178 1846 1227 commemorat.
1910 1174 2140 1228 Omnino

200 1276 292 1315 eas
338 1261 672 1329 potissimum
718 1261 898 1328 proelii
952 1263 1130 1328 partes
1165 1261 1465 1328 descripsit,
1515 1262 1708 1328 quibus
1746 1264 1855 1330 ipse
1891 1263 2142 1329 affuerat3

200 1349 389 1403 timere
437 1349 546 1402 fere
582 1349 816 1412 videtur,
854 1365 923 1401 ne
958 1348 1140 1401 multis
1178 1349 1484 1402 nominibus
1520 1347 1844 1417 proferendis
1879 1352 2014 1416 eius,
2054 1353 2143 1420 qui

198 1437 346 1504 legit,
400 1437 639 1490 animuin
689 1453 722 1489 a
772 1454 828 1490 se
879 1440 1100 1490 avertat.
1188 1437 1421 1490 Pansam
1477 1441 1602 1490 ante
1650 1438 1801 1491 Hirtii
1855 1440 2143 1493 adventum

198 1541 415 1593 gravem
444 1526 647 1579 cladem
682 1526 902 1579 subiisse
929 1526 1036 1579 fere
1072 1540 1258 1579 omnes
1283 1529 1560 1579 testantur.
1630 1527 1706 1579 De
1725 1527 1900 1580 Pansa
1930 1529 2145 1582 vulnere

196 1613 418 1668 Orosius
457 1614 575 1680 (VI,
629 1614 713 1681 18)
749 1615 822 1667 sic
858 1615 1064 1667 scribit:
1118 1614 1324 1667 »Pansa
1375 1615 1549 1682 primo
1601 1616 1844 1679 veniens,
1896 1619 2146 1685 exceptus

199 1702 425 1766 insidiis,
470 1702 607 1755 inter
643 1718 859 1755 suorum
900 1702 1075 1755 clades
1125 1702 1234 1769 ipse
1282 1719 1497 1770 quoque
1544 1703 1648 1770 pilo
1696 1706 1926 1770 graVIter
1962 1695 2146 1759 vulne-

198 1793 359 1857 ratus,
395 1791 466 1844 ab
502 1791 690 1843 eodem
730 1791 948 1843 vulnere
983 1790 1302 1858 interpositis
1339 1791 1523 1843 diebus
1557 1795 1637 1842 est
1675 1796 1965 1846 mortuus«.
2034 1795 2144 1847 Iam

199 1879 346 1932 brevi
394 1882 514 1946 post
563 1879 736 1930 minus
782 1878 918 1930 bene
961 1878 1028 1930 de
1067 1878 1251 1931 Pansa
1289 1879 1488 1931 dictum
1541 1882 1646 1943 est,
1697 1881 1842 1933 velut
1879 1882 1986 1934 Liv.
2020 1882 2145 1935 119:
2207 1868 2212 1871 ’

203 1983 356 2021 »cum
393 1966 570 2019 Pansa
624 1966 806 2019 consul
854 1965 993 2019 male
1024 1966 1296 2019 'adversus
1333 1967 1625 2019 Antonium
1666 1970 2030 2036 pugnavisset3
2082 1971 2143 2023 cf.

200 2055 300 2108 Dio
334 2055 425 2117 46,
476 2054 570 2106 38:
628 2057 856 2120 »καίπερ
891 2055 1064 2113 κακῶς
1112 2052 1489 2115 α’παλλιέξαςοε.
1569 2056 1701 2108 Ante
1752 2058 1930 2110 omnia
1966 2061 2144 2111 autem

203 2142 590 2196 consideranda
626 2147 766 2205 sunt,
803 2144 950 2209 quae
979 2140 1163 2194 Cicero
1202 2141 1271 2194 ad
1307 2142 1450 2194 Brut.
1484 2142 1525 2206 1,
1553 2143 1598 2205 3,
1637 2143 1672 2194 4
1707 2145 1937 2211 scripsit:
1988 2162 2144 2198 »nam

201 2230 383 2285 Pansa
429 2230 636 2296 fugerat
678 2229 986 2281 vulneribus
1028 2229 1280 2296 acceptiS,
1328 2245 1467 2296 quae
1511 2230 1646 2283 ferre
1686 2247 1793 2284 non
1836 2233 2053 2299 potuit«.
2080 2263 2146 2270 —

203 2318 371 2384 Quid,
418 2318 557 2386 quod
614 2334 678 2370 ex
719 2333 782 2369 eo
828 2317 1056 2369 maxime
1092 2316 1207 2369 loco
1249 2317 1482 2384 spuriam
1532 2335 1644 2371 esse
1682 2320 1961 2387 epistulam
2003 2321 2143 2375 illam

199 2406 378 2475 Meyer
413 2405 652 2473 putavit,
684 2421 791 2458 non
830 2405 1060 2472 quidem,
1106 2407 1164 2456 ut
1202 2404 1327 2456 mihi
1362 2405 1587 2470 videtur,
1622 2409 1774 2459 recte.
1848 2408 1922 2460 Ex
1962 2411 2144 2461 nostro

201 2495 317 2548 loco
366 2493 592 2547 efficitur
639 2495 757 2560 post
800 2493 1021 2545 alteram
1060 2492 1277 2544 demum
1312 2507 1548 2559 pugnam
1583 2492 1935 2547 Mutinensem
1973 2496 2144 2548 Anto-

202 2583 351 2636 nium
401 2582 605 2634 hostem
656 2597 768 2633 esse
818 2580 1135 2643 iudicatum,
1183 2579 1247 2633 cf.
1294 2579 1418 2647 §42
1475 2580 1683 2635 »hostes
1735 2585 1914 2635 autem
1960 2577 2144 2637 omnes

202 2671 438 2734 iudicati,
476 2670 568 2739 qui
602 2668 669 2721 Μ.
698 2670 916 2722 Antonii
948 2671 1147 2722 sectam
1185 2669 1350 2721 secuti
1381 2671 1553 2720 sunt«.
1619 2669 1848 2736 Langius
1881 2671 2049 2734 affert,
2087 2675 2147 2724 ut

201 2759 304 2815 h'oc
340 2759 611 2828 probetur,
643 2757 714 2809 ad
746 2757 892 2809 Brut.
924 2757 970 2821 1,
995 2758 1043 2821 5,
1072 2757 1128 2808 1:
1171 2771 1320 2808 >>cum
1363 2756 1428 2808 de
1465 2757 1551 2823 eiS,
1590 2758 1678 2825 qui
1718 2758 1894 2810 hostes
1932 2759 2144 2811 iudicati

202 2850 357 2912 sunt,
375 2846 513 2899 bello
543 2845 920 2914 persequendis
951 2845 1245 2897 sententiae
1274 2844 1600 2897 dicerentur«
1637 2848 1735 2897 etc.
1789 2844 1906 2898 Mea
1935 2862 2147 2914 quoque

203 2935 467 2990 sententia
516 2936 658 2987 recte
695 2933 990 2986 Antonium
1044 2935 1163 3000 post
1199 2932 1420 2986 alteram
1461 2932 1677 2984 demum
1718 2949 1955 2999 pugnam
1993 2934 2147 2987 Muti-

202 3027 422 3077 nensem
458 3023 663 3076 hostem
701 3038 815 3075 esse
848 3021 1134 3074 iudicatam
1172 3023 1443 3088 putamus,

202 3145 218 3148 --
288 3137 292 3144 =
319 3111 451 3176 ¹Iam
475 3114 602 3163 vero
631 3110 776 3178 quod
800 3110 991 3162 attinet
1011 3111 1078 3161 ad
1109 3114 1345 3177 pugnam
1373 3108 1507 3160 inter
1534 3108 1759 3160 Hirtium
1788 3114 1838 3160 et
1857 3110 2147 3162 Antonium

203 3199 416 3263 factam,
441 3197 623 3251 Cicero
646 3198 798 3265 (Phil.
825 3198 903 3262 14,
925 3196 1015 3264 10)
1037 3197 1324 3250 memoriae
1345 3196 1573 3264 prodidit
1595 3196 1821 3254 Hirtium
1845 3197 2012 3258 tribus
2032 3198 2149 3250 An-

326 3385 367 3439 ι)
398 3384 489 3428 cic.
520 3384 579 3429 ad
614 3352 822 3438 samio,
853 3387 922 3431 30.
983 3385 1101 3429 Phil.
1136 3385 1202 3438 14,
1234 3384 1346 3430 25ff.
1408 3383 1500 3428 niv.
1533 3383 1645 3440 epit.
1679 3383 1788 3429 119..
1835 3384 1934 3430 Dio
1956 3384 2025 3437 46.
2055 3386 2123 3429 37.

1784 3463 1846 3507 3.
